1856 3126
751 131 1058 170 -239-

144 244 240 284 nihil
271 256 483 286 commune
512 256 600 286 cum
633 245 892 288 Callimacho.
1005 247 1162 287 Deinde
1189 247 1314 299 potuit
1333 245 1494 296 Hecale,
1523 244 1670 298 siquid

141 317 257 356 nobis
287 317 426 357 ludere
453 317 570 368 licet,
604 329 678 369 qua
708 318 826 357 venia
856 318 1022 368 utimur,
1055 322 1096 357 ut
1124 317 1242 358 nobis
1272 317 1450 368 videtur,
1480 328 1561 357 non
1590 318 1666 357 im-

139 388 327 438 modice,
369 390 494 440 potuit
538 388 615 428 hae
661 390 954 441 opportunitate
992 389 1084 429 illud
1129 390 1288 440 dicere,
1319 389 1424 441 quod
1465 393 1527 430 est
1564 389 1669 442 apud

138 460 299 501 Suidam
332 473 369 499 v.
399 460 703 501 Μαλκίστατον
733 463 820 502 sine
851 461 1012 500 nomine
1042 465 1207 512 poetae:

831 530 926 573 τόδε
953 546 1027 582 μοι
1055 531 1339 582 μαλκίστατοι)
1372 524 1500 583 ἦμαρ.

143 604 244 643 haec
269 602 366 642 mim
398 600 702 651 crudelissima,
734 603 946 655 mortifera
975 602 1086 650 dies,
1120 614 1194 653 qna
1227 601 1295 639 tibi
1322 600 1412 639 vale
1446 600 1561 651 dico,
1591 600 1669 654 vel,

143 687 257 726 quum
291 672 457 712 audiero
490 671 636 723 aliquid
670 672 739 711 tibi
770 672 983 711 accidisse.
1043 671 1125 710 Etsi
1165 673 1201 710 in
1234 671 1312 711 hoc
1342 683 1424 711 non
1457 672 1584 712 solum
1617 671 1668 711 de

140 758 190 786 eo
223 745 414 785 dubitatio
444 747 517 793 est,
547 755 595 782 an
630 743 859 783 Callimachi
890 744 1153 795 fragmentum
1185 743 1251 790 sit,
1283 743 1356 782 sed
1387 744 1505 783 etiarn
1536 755 1587 782 an
1615 744 1668 783 sit

141 830 192 857 ex
220 817 397 867 Hecale,
427 820 467 854 et
496 816 529 854 si
568 815 620 854 sit
650 827 701 854 ex
727 814 901 865 Hecale,
933 827 982 854 an
1012 815 1062 853 sit
1107 827 1157 854 ex
1190 814 1266 853 hae
1310 820 1423 866 parte
1466 818 1671 858 carminis.

139 888 247 928 Talia
288 888 392 927 enim
425 888 544 926 etiam
576 886 625 926 ad
663 887 945 938 praecedentia
987 886 1129 925 Thesei
1168 890 1207 925 et
1244 886 1416 926 Hecales
1458 888 1672 939 colloquia,

140 961 203 1001 vel
245 960 296 1000 ad
340 960 661 999 lamentationem
704 959 876 998 Hecales
918 963 1008 1010 post
1050 959 1196 998 abitum
1242 958 1384 998 Thesei
1433 964 1523 1011 apta
1567 965 1668 1001 sunt.

141 1034 351 1074 Caeterum
394 1035 505 1070 reete
543 1030 717 1082 Toupius
761 1029 920 1069 diversa
960 1030 1008 1069 ab
1053 1030 1131 1070 hoc
1168 1030 1417 1083 fragmento,
1459 1031 1554 1071 τόδε
1594 1045 1669 1082 μοι

140 1105 420 1156 μαλκίστατον
447 1096 577 1156 ἦμαρ,
607 1102 671 1141 illa
703 1113 794 1141 esse
825 1104 973 1153 statuit,
1003 1115 1105 1155 quae
1136 1102 1238 1155 apud
1261 1103 1421 1142 Suidam
1445 1104 1485 1142 in
1509 1116 1545 1143 v.
1565 1104 1673 1143 Ἀλ-

140 1174 336 1228 γίστατον
364 1175 561 1226 leguntur.

252 1245 355 1284 Vola
383 1256 454 1296 pro
486 1244 618 1284 reditu
647 1245 810 1295 Thesei,
850 1245 956 1286 unde
985 1250 1123 1297 postea
1157 1246 1262 1285 lovis
1296 1257 1524 1298 cognomen
1548 1245 1672 1285 Ἑκα-

139 1318 283 1369 λειόυ,
317 1321 356 1356 et
404 1328 508 1356 nova
550 1316 724 1370 religio,
765 1322 895 1357 utrum
936 1322 1151 1369 praesente
1195 1318 1350 1357 Theseo
1399 1318 1574 1366 Hecale,
1621 1331 1671 1358 an

142 1392 234 1440 post
277 1388 423 1427 abitum
467 1389 552 1427 eius
598 1390 908 1440 nuncupaverit,
952 1391 1147 1429 incertum
1183 1394 1255 1428 est.
1316 1390 1532 1429 Praesente
1565 1390 1674 1429 'she-

142 1472 214 1501 seo
262 1460 408 1500 sactum
454 1471 545 1499 esse
597 1471 649 1499 ex
693 1472 742 1500 eo
792 1461 988 1514 colligas,
1034 1461 1140 1513 quod
1179 1461 1422 1512 βαδίζοντος
1466 1466 1527 1501 est
1572 1462 1675 1514 apud

143 1532 416 1574 Plutarchum:
449 1532 540 1572 ἐπεί
570 1532 614 1572 δὲ
645 1526 802 1585 ηὔξατο
837 1531 945 1587 ὑπὲρ
979 1533 1113 1573 αὐτοῦ
1143 1534 1200 1588 τῷ
1230 1533 1310 1573 Διῒ
1333 1534 1577 1584 βαδίζοντος
1607 1534 1678 1574 ἐπί

140 1603 216 1658 τήν
251 1602 421 1656 μάχην,
463 1603 588 1649 εἷσῶς
628 1606 931 1658 παραγένοιτο,
971 1603 1123 1644 θύσειν
1162 1611 1238 1645 etc.
1298 1605 1347 1644 Et
1388 1610 1467 1645 tum
1515 1605 1675 1658 quidem

139 1676 279 1716 similis
311 1674 608 1728 quodammodo
639 1674 751 1714 locus
780 1676 997 1716 Homerico
1030 1676 1114 1727 fuit,
1151 1677 1220 1716 ubi
1239 1676 1428 1717 Hecubae
1456 1677 1567 1717 iussu
1588 1678 1673 1717 Iovi

141 1747 239 1787 libat
263 1747 524 1799 proficiscens
551 1747 591 1785 in
623 1752 754 1786 castra
778 1747 1024 1788 Graecorum
1040 1748 1232 1801 Priamus,
1260 1748 1302 1789 11.
1319 1749 1460 1790 XXIV.
1478 1750 1570 1790 983.
1589 1762 1675 1802 sqq.

143 1819 384 1860 conferatur
415 1818 611 1858 Molorchi
646 1818 794 1858 fabula.

255 1892 348 1931 Post
379 1891 525 1931 abitum
555 1890 724 1939 Thesei,
756 1890 849 1929 illud
883 1890 988 1941 quod
1018 1891 1164 1931 Statius
1195 1893 1273 1931 ait:

441 1955 514 2001 nee
539 1962 643 2013 fucta
671 1973 800 2000 'canos
832 1973 936 2000 ames
968 1962 1127 2013 hospita
1154 1962 1283 2014 fletus.

148 2034 270 2074 Theb.
299 2034 384 2075 Xll.
416 2036 510 2075 582.
569 2034 632 2074 Ad
671 2046 787 2085 quem
816 2034 945 2074 locum
989 2036 1088 2074 mire
1121 2036 1162 2075 C.
1196 2036 1404 2076 Barthius:
1449 2036 1579 2075 Fletus
1614 2025 1677 2075 di-

149 2108 216 2158 cit,
243 2111 357 2157 puto,
383 2107 613 2158 decrepitae
643 2119 747 2146 (mus
780 2119 878 2159 erpa
909 2107 1198 2147 adolescentem
1221 2107 1450 2156 blanditias,
1481 2121 1561 2147 non
1590 2108 1680 2159 fieri

149 2178 272 2218 siccis
301 2179 429 2218 oeulis
462 2184 691 2227 consuetas,
714 2179 761 2218 (Ie
790 2191 870 2230 qua
900 2192 944 2218 re
973 2179 1063 2219 iside
1086 2179 1356 2219 Plutarchum.
1417 2181 1537 2219 Immo
1564 2179 1681 2230 fletus

151 2250 323 2301 proprie.
383 2251 500 2298 Quod
532 2263 676 2302 sospes
708 2252 917 2303 victorque
947 2264 998 2290 ex
1025 2251 1262 2292 Marathone
1293 2252 1460 2290 redierit
1489 2252 1682 2302 Theseus,

154 2321 192 2360 id
222 2321 387 2360 Evadne
415 2321 572 2372 fletibus
606 2324 818 2362 metuentis
850 2323 1033 2372 Theseo,
1063 2327 1102 2362 et
1130 2327 1221 2362 vota
1252 2322 1437 2362 lactentis
1475 2336 1545 2375 pro
1575 2325 1683 2364 The-

156 2405 227 2432 seo
259 2393 425 2432 lleeales
456 2395 601 2433 tribuit.
718 2395 841 2447 lgitur
871 2395 999 2444 llctuS,
1031 2406 1198 2446 preces,
1232 2396 1395 2435 alternis
1426 2397 1501 2436 sibi
1533 2409 1682 2436 sucee-

159 2465 298 2504 ilvntes
339 2469 465 2504 metus
498 2470 537 2504 et
578 2478 695 2518 spes,
729 2469 874 2507 omina.
936 2468 1118 2519 Inprimis
1149 2469 1293 2507 omina.
1353 2468 1463 2515 Quae
1496 2470 1573 2508 duo
1605 2469 1684 2508 ob-

158 2537 233 2575 lata
267 2548 358 2575 esse
389 2537 562 2576 Hecalae
607 2538 755 2588 video,
800 2551 918 2578 unum
965 2551 986 2577 a
1032 2543 1203 2589 noctua,
1252 2539 1414 2580 alterum
1461 2552 1482 2579 a
1532 2539 1684 2597 λύχνῳ.

159 2609 316 2661 Fragm.
346 2609 509 2648 >mil-22.
543 2622 564 2648 e
595 2611 743 2660 Suida,
776 2616 815 2651 et
844 2611 1000 2651 Zonara
1029 2624 1064 2663 p.
1094 2612 1159 2651 97.

387 2678 476 2720 αἴθ’
507 2674 652 2733 ὄφελες
685 2684 876 2736 θανέειν,
907 2679 1135 2736 ἢῦστατον
1164 2679 1448 2734 ὀρχήσασθαι.

163 2750 279 2797 Quod
313 2753 363 2790 ita
395 2752 658 2803 interpretor:
690 2758 833 2792 noctua
868 2766 983 2805 quum
1016 2754 1117 2793 male
1148 2755 1358 2794 ominatum
1383 2756 1571 2807 gemitum
1601 2755 1688 2794 edi·

166 2824 305 2874 disset,
338 2829 571 2865 exsecratur
603 2836 689 2864 eam
720 2836 879 2877 semper
910 2830 1090 2866 metuens
1118 2827 1274 2867 Theseo
1306 2839 1379 2867 suo
1408 2828 1557 2867 Hecale
1588 2839 1687 2867 ver-
