1856 3126
803 134 1105 171 —11-1—

193 253 273 294 Sed
306 252 426 292 video
469 249 680 290 dicendum
721 261 834 302 osse,
880 262 955 303 qua
989 262 1064 291 nos
1094 250 1442 304 argumentatione
1491 248 1599 291 ducti
1643 255 1721 291 tam

191 326 270 365 hoc
308 336 422 377 quam
463 325 646 377 superius
681 323 944 376 fragmentum
979 323 1148 364 CXXIV.
1190 323 1240 364 ad
1276 323 1452 363 Hecalen
1484 321 1721 364 referamus.

189 397 285 436 Eius
316 395 677 449 argumentationis
708 396 768 434 vis
790 395 1006 448 praecipua
1026 399 1066 434 et
1095 396 1207 447 quasi
1235 405 1384 434 nervus
1413 396 1453 434 in
1481 395 1723 449 Fragmento

190 468 342 509 CXXV.
377 472 461 518 est,
503 467 611 520 quod
658 467 708 507 de
758 468 905 507 femina
950 467 1228 520 accipiendum
1275 479 1368 507 esse
1409 468 1558 508 diserte
1603 468 1724 509 docet

187 537 365 593 ἔχουσα.
426 539 557 591 Hinc,
591 552 708 593 quum
749 540 804 580 ita
835 540 915 579 sint
947 540 1024 580 sibi
1071 539 1216 580 similia
1248 536 1378 593 κόρης
1408 540 1555 593 εὐρεῖα
1590 537 1724 580 καλύ-

189 628 299 666 πτρη
337 617 376 652 et
406 613 568 667 πίλημα
596 613 845 665 περίτροχον
876 613 1178 662 Thessalicum,
1215 619 1258 654 ut
1298 614 1510 654 videantur
1550 613 1723 653 eandem

189 695 273 723 rem
302 684 545 736 significare,
578 685 695 725 etiam
725 685 1006 738 Fragmentum
1029 684 1198 724 CXXIV.
1223 684 1272 724 de
1300 684 1460 738 femina,
1494 691 1533 726 et
1563 685 1722 738 quidem

189 754 238 795 de
267 756 416 796 Hecale
447 758 679 810 accipimus.
724 758 812 798 Non
845 759 1072 797 inusitatum
1096 763 1226 798 autem
1260 759 1415 799 seminis
1447 760 1586 808 fuisse,
1615 757 1720 810 pileo
1780 796 1783 803 ,

185 823 249 868 uti>
272 822 504 868 Thessalico
525 860 535 879 ,
573 829 621 869 iis
657 829 841 882 quidem,
873 842 975 882 quae
1006 830 1270 870 versabantur
1306 831 1344 869 iu
1376 831 1559 883 publico,
1592 830 1721 869 Isme-

185 912 264 939 nao
297 901 479 953 exemplo
513 900 766 952 Sophocleac
798 902 1027 953 probamus.
1099 901 1148 941 Et.
1180 901 1295 941 Iridis
1339 901 1440 952 apud
1479 901 1719 953 Sophoclem

186 972 227 1010 in
257 972 428 1021 Inacho,
469 969 626 1020 κυκλάς
656 957 857 1025 Ἀρκάδος
888 974 1040 1024 κυιιῆςε
1080 985 1162 1012 non
1194 973 1421 1026 neglectum
1454 972 1720 1013 Valckenario

186 1044 225 1082 in
257 1044 526 1096 disputatione
563 1043 613 1083 de
659 1044 800 1095 pileis,
845 1043 1045 1083 Adoniaz.
1077 1055 1114 1094 p.
1147 1043 1241 1082 345.
1273 1044 1315 1083 Β.
1373 1045 1492 1083 Addo
1529 1044 1719 1084 loannem

187 1116 388 1156 Gazacum
418 1129 454 1156 v.
487 1115 581 1155 660.
619 1115 685 1161 (tt.
723 1115 840 1163 302.)
881 1116 948 1154 ubi
979 1115 1220 1155 describitur
1250 1111 1469 1163 Θαλυσιάς
1501 1128 1589 1155 cum
1619 1115 1722 1155 insi-

186 1189 332 1239 gnibus
364 1189 498 1240 operis
541 1189 628 1238 sui,
674 1189 829 1237 aristis,
859 1188 1035 1228 sudore:
1086 1186 1193 1240 κάρη
1226 1188 1263 1227 δ’
1304 1184 1561 1229 ἐκαλύπτετο
1603 1189 1720 1242 πίλῳ.

185 1260 278 1299 Post
307 1259 408 1299 haec
437 1263 623 1310 apparet,
655 1256 896 1309 noziaeeifcuo'v
927 1270 1043 1310 quum
1077 1258 1220 1298 dieitur
1246 1260 1406 1311 πίλημα
1440 1259 1548 1308 illud,
1579 1260 1619 1300 id
1639 1271 1720 1300 non

186 1344 280 1371 esse
327 1332 488 1384 proprie
529 1330 856 1383 intelligendum:
903 1330 1076 1369 feminae
1122 1333 1225 1370 enim
1272 1343 1351 1371 non
1398 1336 1490 1371 sunt
1527 1333 1720 1380 ποιμένες

186 1404 360 1455 proprie.
419 1402 582 1442 Scilicet
615 1403 780 1454 primum
814 1414 861 1441 ac
892 1403 1051 1454 proprio
1080 1402 1195 1454 pileis
1229 1404 1313 1443 istis
1333 1404 1546 1443 utebantur
1566 1403 1718 1453 ποιμέ-

186 1489 273 1527 νες,
312 1475 457 1514 deinde
503 1476 607 1514 inter
639 1474 833 1524 seminas,
878 1479 919 1513 ut
962 1475 1070 1521 dixi,
1113 1487 1210 1524 eac,
1254 1476 1396 1527 quibus
1439 1475 1585 1527 aliquid
1619 1474 1719 1514 soris

187 1546 416 1599 agendum,
449 1552 489 1587 ut
519 1550 706 1586 arcerent
735 1546 922 1586 ardorem
955 1546 1065 1586 solis.
1124 1547 1396 1586 Piscatoribus
1428 1558 1587 1599 quoque
1614 1546 1719 1586 bene

187 1621 436 1659 conveniens
472 1619 630 1658 habitus
666 1622 804 1669 πῖλοι,
848 1618 1049 1658 Theocrit.
1080 1619 1185 1658 XXI.
1222 1619 1281 1659 13.
1359 1619 1442 1659 Nisi
1485 1619 1539 1659 ibi
1579 1630 1718 1658 verum

186 1690 331 1730 viderit
360 1691 611 1731 Hei-mannus
643 1691 681 1730 in
714 1690 872 1732 Scholis
901 1690 1163 1731 Theocriteis.
1234 1691 1373 1744 Neque
1398 1684 1526 1742 ’χαῖον
1563 1692 1724 1743 proprie

186 1763 464 1815 accipiendum
498 1763 547 1802 (le
579 1763 721 1802 baculo
746 1763 977 1814 pastoritio.
1037 1763 1117 1803 Sed
1147 1763 1213 1816 qui
1240 1767 1388 1803 attente
1419 1763 1563 1815 legerit
1591 1763 1724 1804 Scho-

187 1835 238 1875 lia
271 1835 501 1887 Apollonii,
534 1847 584 1874 ex
612 1835 754 1887 quibus
789 1840 939 1875 erutum
971 1836 1238 1888 fragmentum
1279 1840 1339 1875 est
1371 1835 1629 1887 Callimachi,
1658 1835 1722 1876 lV.

188 1907 282 1947 972.
313 1907 484 1947 fortasse
526 1906 605 1946 hoc
650 1911 772 1947 totum
815 1907 1009 1959 negabit,
1039 1911 1163 1958 χαῖον
1194 1909 1354 1959 proprie
1384 1907 1509 1947 fuisse
1540 1908 1723 1948 baculum

184 1979 458 2030 pastor-itiam.
516 1979 647 2018 Verba
679 1983 770 2018 sunt
799 1979 924 2018 haec:
965 1983 1089 2029 χαῖον
1130 1979 1219 2018 ἐστι’
1257 1976 1457 2031 καμπύλη
1498 1981 1721 2033 βακτηρία,

187 2044 279 2104 {ol
325 2052 518 2101 ποιμένες
557 2051 758 2102 χρῶνται.
846 2051 1111 2103 Ἀμερίας
1156 2050 1210 2090 δὲ
1255 2048 1421 2101 ψιλήν
1465 2051 1720 2091 α’πέδωκε

189 2119 424 2173 ῥάβδον.
483 2121 787 2174 Καλλᾴιαχος·
821 2120 974 2173 ἔπρεπέ
1006 2137 1067 2161 τοι
1098 2127 1174 2165 etc,
1233 2122 1371 2175 Neque
1412 2123 1519 2175 quod
1562 2123 1720 2163 additur

190 2205 241 2233 ex
272 2193 479 2244 Alcmane‚
509 2195 587 2233 vim
617 2195 815 2246 probandi
846 2194 977 2234 habet.
1038 2194 1247 2235 incurvum
1279 2195 1403 2234 fuisse
1428 2199 1550 2247 χαῖον
1580 2194 1718 2234 credi-

186 2265 266 2305 bile
298 2269 372 2316 est,
395 2270 436 2305 ut
466 2270 580 2306 erant
612 2267 694 2306 τῶν
723 2265 942 2318 ἀγροίκων,
974 2266 1217 2307 observante
1243 2267 1482 2308 Casaubono
1514 2265 1564 2306 ad
1583 2267 1721 2307 Theo-

186 2337 334 2389 phrast.
368 2350 454 2389 cap.
490 2339 587 2391 περὶ
620 2339 842 2391 α’ρεσκειάς
870 2351 906 2391 p.
934 2339 1022 2379 171.
1047 2351 1106 2391 sq.
1165 2339 1301 2391 Neque
1334 2337 1540 2391 indignum
1572 2337 1720 2378 obser-

187 2410 348 2449 vatione
378 2407 615 2463 καλύπτρη,
655 2422 733 2463 quo
768 2410 965 2451 vocabulo
997 2411 1148 2451 caeteri
1189 2410 1366 2462 plerique
1400 2416 1509 2452 certa
1546 2411 1716 2463 quadam

190 2481 483 2533 significatione
518 2486 698 2531 utuntur,
730 2482 993 2522 Callimachus
1027 2482 1232 2536 generali,
1276 2483 1546 2534 teyimentum,
1574 2483 1639 2523 hic
1677 2487 1717 2524 et

187 2551 344 2604 Fragm.
376 2553 521 2593 CXLll.
583 2554 785 2594 Theocriti
814 2554 944 2594 locum
971 2567 1050 2594 non
1082 2555 1292 2604 recordor,
1324 2556 1435 2595 cuius
1457 2555 1714 2595 imitationem

190 2635 281 2664 esse
319 2625 357 2664 in
392 2626 526 2665 verbis
561 2625 800 2677 ποιμενικὸν
840 2625 1001 2680 πίλημα
1044 2627 1306 2667 Casaubonus
1351 2627 1523 2680 (Gallim.
1556 2627 1713 2668 Ernest.

192 2707 229 2747 p.
259 2696 380 2746 492.)
412 2702 690 2737 annotavcrat.

301 2768 481 2820 Denique
512 2770 757 2821 prohabilem
787 2770 868 2810 dixi
896 2771 1041 2811 Eldikii
1064 2770 1397 2822 Boissonadiique
1427 2771 1714 2822 coniecturam,

188 2839 424 2893 Fragmento
460 2842 611 2880 CXXV.
643 2844 938 2882 annectentium
967 2843 1245 2894 Fragmentum
1275 2841 1478 2882 CLXXXt.
