1856 3126
787 142 1064 179 —99..-

148 255 347 295 sotevisse
379 255 458 294 hoc
490 255 583 306 pagi
612 267 786 307 nomen,
819 262 859 296 et
890 258 955 297 atii
987 259 1145 297 cuidam
1193 256 1448 307 appellationi
1496 259 1684 298 cessisse.

148 326 252 376 Sed,
280 331 322 366 ut
352 324 455 374 dixi,
487 325 659 365 fortasse
688 339 768 367 non
799 340 845 367 ea
882 334 944 368 est
976 328 1296 368 testimoniorum
1339 330 1544 381 paucitas,
1585 342 1688 382 quae

147 398 242 437 mihi
274 399 361 438 visa
396 401 469 436 est.
529 397 617 449 Ego
648 411 754 438 nunc
784 412 906 439 unum
935 400 1067 439 haheo
1099 399 1204 451 quod
1234 399 1405 440 addam:
1445 401 1536 442 Lex.
1569 402 1684 442 Rhet.

147 469 320 509 Belikeri
349 468 380 508 I.
411 481 447 520 p.
480 467 575 508 247.
607 468 777 522 Ἑκάλη·
820 471 950 524 δῆμος
983 472 1227 514 Λεοντίδος.

260 541 319 579 De
351 541 429 579 situ
459 540 575 592 pagi,
606 553 735 592 neque
766 541 888 593 longe
928 545 1122 580 remotum
1155 553 1175 578 a
1207 542 1467 597 Marathone,
1509 544 1576 583 ubi
1606 550 1686 586 tum

147 611 409 664 grassabatur
442 616 602 662 taurus,
639 613 778 664 fuisse,
809 614 1010 665 aliquanto
1046 614 1193 652 certius
1229 619 1448 667 constaret,
1482 617 1515 654 si
1548 629 1684 657 verum

147 688 269 734 esset,
302 683 409 735 quod
440 695 462 722 e
493 684 695 736 Stephano
726 685 918 737 Byzantio
953 684 1137 734 efficitur,
1167 684 1348 724 eiusdem
1378 687 1517 737 tribus,
1550 687 1686 727 Leon-

147 754 263 805 tidzs,
294 754 418 795 fuisse
447 755 626 795 Hecaten
657 761 696 795 et
726 756 1020 796 Marathonem.
1078 756 1176 796 Nam
1207 757 1265 795 sic
1296 757 1546 808 Stephanus:
1581 762 1688 800 Ma-

147 824 315 880 ραθών,
343 829 475 880 δῆμος
506 828 577 880 τῆς
607 826 835 875 Λεοντίδος
866 828 1020 881 φυλῆς.
1079 827 1193 867 Nunc
1225 827 1395 867 Coi-sino
1431 829 1469 868 T.
1488 829 1513 868 Ι.
1537 843 1571 882 p.
1598 832 1686 871 176.

146 903 187 938 et
216 911 252 950 p.
285 899 379 939 937.
410 911 467 950 sq.
501 898 761 950 credendum,
792 903 830 938 et
860 898 1065 938 Boechhio
1100 899 1215 950 Corp.
1235 899 1361 939 Inscr.
1383 900 1469 941 Vol.
1492 902 1518 941 Ι.
1539 915 1574 954 p.
1593 903 1686 943 309.

143 969 360 1010 Aeantidz's
393 970 517 1011 fuisse
548 971 846 1022 Marathonem,
878 976 918 1010 et
948 972 1178 1019 Λεοντίδος
1209 972 1312 1023 apud
1344 972 1584 1024 Stephanum
1617 988 1690 1015 er·-

144 1046 272 1081 ratum
309 1052 402 1080 esse
431 1042 518 1081 sive
551 1042 732 1091 librarii,
762 1042 847 1081 sive
880 1042 1171 1093 epitomatoris,
1204 1044 1291 1082 sive
1323 1045 1446 1095 ipsius
1479 1046 1684 1098 Stephani.

141 1114 227 1155 Nisi
260 1116 474 1154 etiamnum
502 1114 684 1166 placeat,
718 1126 794 1166 qua
827 1113 1019 1153 Corsinus
1051 1115 1208 1153 ratione
1239 1116 1441 1167 Stephano
1476 1118 1686 1158 subvenit:

144 1185 199 1224 At
229 1186 321 1237 fieri
346 1187 528 1238 fortasse
565 1190 756 1236 poterat,
784 1190 828 1224 ut
854 1190 972 1224 aucto
1006 1185 1180 1224 tribuum
1220 1200 1412 1238 numero,
1443 1189 1688 1240 variamque

145 1258 392 1309 Populorum
423 1259 531 1298 serie
560 1257 779 1297 Marathon
808 1269 859 1296 ecc
881 1257 1072 1296 Leontide
1101 1257 1143 1296 in
1163 1257 1400 1299 Aeante'dem,
1431 1261 1577 1301 tribum
1608 1263 1688 1301 mi·-

144 1330 340 1381 qraverit.
414 1330 561 1370 Verum
601 1335 643 1369 ut
682 1341 842 1381 semper
878 1329 1089 1368 Aeantidis
1134 1331 1257 1370 trihus
1296 1332 1507 1373 Marathon
1553 1334 1682 1386 suerit,

146 1402 322 1440 manebit
351 1401 458 1451 hoc,
498 1413 578 1441 non
619 1402 736 1440 nimis
777 1405 972 1440 remotum
1016 1401 1065 1440 ab
1112 1402 1263 1442 Hecale
1301 1404 1607 1458 Marathonem,
1647 1413 1688 1446 et

147 1473 322 1513 medium
354 1473 482 1513 fuisse
510 1473 689 1513 Heealen
719 1474 824 1512 inter
853 1473 1034 1512 Athenas
1068 1478 1108 1513 et
1139 1473 1411 1516 Marathonem
1445 1479 1518 1528 ita,
1550 1484 1589 1518 ut
1619 1480 1684 1531 qui

141 1545 314 1586 Athenis
343 1545 619 1585 Marathonem
651 1546 989 1598 proficisceretur,
1026 1545 1143 1585 facile
1177 1559 1323 1599 pagum
1355 1551 1572 1602 attingeret
1598 1551 1684 1590 He-

143 1617 273 1657 caten.
336 1617 548 1658 Praeterea
590 1619 713 1657 altera
746 1618 1009 1667 observetur,
1051 1629 1126 1669 qua
1167 1618 1400 1661 Plutarchus
1443 1622 1518 1663 hae
1559 1625 1598 1663 in
1635 1637 1681 1664 re

139 1691 276 1741 utitur,
308 1690 381 1729 sed
411 1695 504 1730 uota
538 1692 656 1730 etiam
690 1690 849 1730 aliunde
882 1689 1062 1728 locorum
1093 1690 1248 1731 illorum
1283 1692 1606 1746 designat10:‘O
1636 1698 1683 1736 δὲ

142 1760 310 1816 Θησεύς
339 1760 508 1814 ἐνεργὸς
543 1757 650 1802 εἶναι
680 1758 970 1814 βουλόμενος,
1001 1756 1091 1812 ἅμα
1122 1763 1168 1802 δὲ
1199 1762 1273 1802 καί
1298 1765 1580 1820 δημαγωγῶν,
1610 1770 1677 1818 ἐξ-

138 1835 268 1887 ἦλθεν
297 1831 368 1874 ἐπὶ
404 1835 477 1874 τόν
509 1833 808 1888 ῙΙΊαραθώνιοιι
852 1834 1008 1884 ταῦρον
1054 1833 1128 1872 οὐκ
1170 1831 1291 1887 ὀλίγα
1331 1833 1562 1889 πράγματα
1597 1845 1681 1887 τοῖς

137 1905 296 1946 οἰκοῦσι
328 1905 402 1959 τήν
438 1906 783 1959 Τετράπολιν
813 1907 1064 1958 παρέχοντα.

249 1980 521 2032 Descriptioni
563 1978 718 2020 itineris
750 1976 986 2017 Marathona
1020 1989 1162 2017 versus
1204 1977 1499 2029 proficiscentis
1532 1980 1678 2020 Thesei

135 2051 272 2091 insero
325 2052 606 2106 Fragmentum
647 2050 746 2090 LVII
795 2051 832 2088 ³³⁰.
889 2061 910 2088 e
959 2049 1162 2101 Stephano
1207 2050 1301 2103 Byz.
1355 2063 1391 2091 v.
1443 2053 1672 2104 Τριιιεμεῖς.

133 2123 344 2164 Strabonis
377 2125 542 2175 indicio,
570 2125 637 2177 qui
673 2135 788 2176 quam
819 2123 884 2162 lib.
915 2122 980 2161 IX.
1014 2135 1051 2174 p.
1078 2123 1173 2162 400.
1210 2123 1512 2174 (613.A1me1.)
1544 2126 1675 2166 obiter

134 2195 231 2235 facit
259 2198 354 2249 pagi
395 2199 614 2247 Τριιεμεῖς
645 2197 912 2245 mentionem,
949 2196 1049 2235 satis
1089 2200 1226 2247 aperte
1255 2201 1471 2246 monstrat,
1502 2198 1671 2237 Athenis

134 2269 296 2307 exeunti
327 2280 416 2308 eum
449 2281 594 2321 pagum
625 2280 766 2307 versus
801 2269 1127 2319 septemtrionem
1159 2267 1297 2306 fuisse.
1368 2268 1480 2307 Unde
1521 2270 1672 2321 proha-

132 2338 211 2378 bite
241 2345 316 2390 est,
346 2341 385 2379 in
416 2341 559 2379 vicinia
592 2341 839 2380 Marathonis
872 2340 1008 2379 fuisse.
1070 2337 1089 2378 ὁ
1121 2341 1199 2389 μὲν
1233 2338 1459 2393 Κηφισσὸς
1490 2341 1535 2380 ἐκ
1571 2344 1672 2394 Τρι-

131 2413 287 2459 mmuh
317 2413 546 2464 (corrigunt
572 2413 828 2465 Τρινεμέων)
858 2410 932 2457 τὰς
963 2409 1101 2462 α’ρχάς
1130 2407 1252 2461 {long
1285 2410 1389 2463 ῥέων
1421 2410 1466 2449 δὲ
1499 2408 1567 2450 διά
1593 2412 1669 2451 τοῦ

128 2483 305 2534 πεδίου,
340 2484 408 2537 ἐφ’
443 2477 493 2522 οὗ
523 2485 597 2523 καί
627 2482 648 2536 ἡ
682 2485 859 2537 Γέᾳιυρα
892 2487 967 2522 ete.
1027 2481 1218 2533 Stephani
1252 2482 1377 2521 verba
1411 2486 1525 2521 sunt:

304 2556 547 2604 Τμιιέμεῖς,
578 2554 709 2606 δῆμος
734 2554 809 2604 τῆς
843 2555 1104 2605 Κεκροπίὸος
1136 2554 1287 2606 φυλῆς.
1345 2552 1566 2604 Διόδωρος
1595 2555 1668 2593 καί

294 2627 486 2677 Δίδυμος
524 2628 738 2677 Τρινεμεῖς
769 2625 1066 2678 ἀναγράφουσι
1094 2625 1163 2664 roz·
1187 2625 1331 2675 δῆμον.
1382 2624 1663 2676 Καλλιζιιαχος

293 2694 474 2754 ξΕκάλῃ,
521 2699 868 2751 Τρινὲμειαν.
930 2694 949 2734 ὃ
985 2694 1195 2748 δημότης,
1236 2692 1464 2748 Τρινεμεύς
1492 2699 1567 2734 etc.

125 2768 175 2808 Et
205 2781 311 2809 nunc
342 2771 501 2822 quidem
530 2773 746 2823 Τρινεμεῖς
765 2768 949 2807 Athenas
981 2768 1084 2806 inter
1113 2770 1152 2805 et
1175 2765 1350 2806 Hecalen
1369 2778 1513 2821 pagum
1537 2767 1661 2808 fuisse

124 2846 269 2881 statuo.
326 2843 397 2885 Sin
429 2843 577 2882 suerint
610 2842 713 2882 iuter
745 2840 922 2880 Hecaten
963 2844 1002 2878 et
1040 2838 1356 2890 Marathonem,
1380 2839 1657 2894 Fragmentum
