1856 3126
820 150 1122 187 —280—

223 261 394 317 ἐφετμῇ.
452 263 500 303 Et
530 264 589 304 sic
621 265 784 305 Nonnus
815 266 898 316 σέο,
926 270 1027 316 σεῖο,
1054 266 1309 318 saepissime,
1341 264 1414 306 sed
1443 265 1561 305 etiam
1590 264 1729 315 σέθεν,

224 337 262 371 ut
293 333 357 372 IX.
387 333 453 373 6⁶2.
487 334 555 374 70.
614 339 653 374 et
682 334 725 375 ἕο
749 340 924 387 χεῖρας,
948 337 991 376 ἕο
1019 334 1202 390 νύμφην,
1234 337 1277 376 ἕο
1305 335 1494 391 νύμφής,
1526 338 1569 376 ἕο
1591 341 1729 389 χεῖρα,

222 403 284 443 lV.
320 404 413 445 553.
444 405 522 445 Vll.
553 406 647 447 351.
676 407 772 446 Vlll.
802 407 896 447 369.
930 407 1050 448 XXV.
1084 410 1145 448 15.
1178 407 1282 448 alibi.
1340 409 1388 448 Et
1415 404 1656 459 Apollinaris
1682 409 1727 448 in

223 473 397 514 Psalmis.
510 480 617 527 μαῖα
651 488 767 529 quum
798 478 927 517 multis
970 478 1070 518 locis
1109 478 1289 530 legatur,
1319 478 1463 519 nullum
1500 479 1654 533 habeo,
1689 480 1729 519 in

221 558 300 597 quo
329 547 387 587 sic
421 549 607 602 scriptum
639 550 689 590 sit
720 561 799 590 non
829 551 1012 603 proprie,
1042 563 1092 591 ex
1125 552 1173 590 iis
1206 551 1363 603 quidem
1392 552 1548 603 poetis,
1584 553 1650 603 qui
1678 551 1729 591 ad
1805 587 1807 589 ,

220 616 492 658 illustrandum
523 631 748 661 sermonem
787 621 1029 662 Callimachi.
1051 622 1255 674 plurimum
1287 623 1448 663 faciunt.
1515 623 1631 678 Aliud
1661 621 1730 663 'est

220 690 349 740 enim,
383 694 422 730 et
450 690 500 730 ad
528 693 860 745 significationem
897 695 1012 734 vocis
1044 695 1243 747 propriam
1277 707 1326 735 ao
1353 695 1579 747 primariam
1609 695 1728 743 redit,

221 773 338 813 quum
367 767 476 813 μαῖα
509 763 652 805 dicitur
679 770 784 806 terra
816 768 968 819 patria,
1004 767 1053 807 de
1081 779 1158 820 quo
1189 766 1239 806 ad
1269 766 1494 819 Apollonid.
1524 767 1597 820 Ep.
1626 767 1728 809 Xlll.

221 832 441 875 Brunekius
481 840 522 876 et
556 837 763 878 lacobsius
791 839 1002 879 Animadv.
1040 839 1125 881 Vol.
1156 838 1201 878 11.
1234 839 1270 878 P.
1303 839 1330 880 Ι.
1362 852 1397 892 p.
1427 835 1522 885 361.
1550 851 1610 892 sq.
1666 840 1729 880 vel

220 917 336 956 quum
366 906 482 946 talia:
513 908 621 958 μαΐά
650 915 685 948 τ’
716 908 1001 962 ἐρικλαύστων
1030 912 1221 960 πολέμων
1246 905 1361 963 ’Έρις
1399 910 1567 963 Oppiam*
1602 912 1647 952 H.
1675 905 1729 957 ΙΙ.

223 975 318 1017 668.
356 978 486 1019 Nonn.
530 981 573 1019 V.
608 980 697 1020 104.
745 981 841 1020 Vlll.
871 982 964 1024 396.
1004 982 1070 1021 IX.
1100 981 1138 1021 6.
1181 981 1285 1021 alibi.
1344 981 1480 1021 Iulian.
1525 983 1624 1037 Aeg.
1657 983 1727 1036 Ep.

220 1049 376 1088 XXXII.
404 1050 450 1089 A.
468 1051 545 1091 Pal.
572 1052 617 1091 11.
636 1064 672 1103 p.
691 1052 786 1092 680.
824 1053 896 1092 Hic
917 1046 950 1092 ὦ
970 1057 1073 1104 μαῖα
1098 1053 1334 1093 blandientis
1364 1058 1436 1103 est,
1467 1059 1506 1094 et
1536 1054 1731 1095 honorili-

221 1133 323 1171 cum,
343 1126 380 1161 et
398 1123 437 1161 in
457 1124 685 1163 universum
704 1128 870 1163 matrem
888 1125 1097 1177 significat.
1121 1124 1178 1164 Cf.
1191 1124 1321 1164 Monk.
1336 1125 1375 1164 in
1389 1124 1521 1178 Eurip.
1535 1126 1620 1166 Alc.
1634 1126 1728 1167 403.
1784 1116 1786 1119 ’

220 1193 448 1246 Respondet
466 1195 807 1246 appellationibus,
825 1197 964 1248 quibus
980 1209 1050 1237 usa
1070 1210 1156 1237 cum
1173 1197 1328 1237 Theseo
1343 1197 1490 1238 Hecale
1510 1199 1650 1249 suerat,
1665 1199 1729 1239 τέ-

220 1280 317 1315 κος,
347 1268 499 1307 τέκνον.
549 1267 923 1319 [Cap.V1.p.155.]
966 1269 1062 1308 Nam
1090 1281 1192 1321 quae
1223 1269 1431 1309 commoda
1464 1269 1514 1309 ad
1544 1269 1730 1316 Callima-

220 1337 335 1377 chum
384 1339 659 1390 cxplicandum
696 1341 824 1380 videri
868 1341 1017 1392 possit,
1063 1340 1200 1393 glossa
1251 1341 1461 1394 Hesychii:
1505 1343 1647 1382 Μαῖα
1674 1365 1730 1374 -

218 1407 514 1463 προσφώνησις
543 1409 648 1463 πρὸς
677 1412 903 1463 πρεσβῦτιν
932 1411 1147 1466 τιμητική,
1178 1411 1272 1453 α’ντὶ
1300 1414 1398 1464 τοῦ,
1428 1407 1465 1452 ὦ
1491 1414 1652 1466 τροφέ,
1684 1425 1730 1453 re

219 1492 315 1520 vcra
345 1493 425 1520 non
455 1483 665 1522 commoda
697 1488 782 1534 est,
817 1496 932 1535 quum
963 1485 1030 1524 vix
1058 1485 1162 1524 bene
1192 1491 1354 1538 propter
1390 1485 1513 1526 semel
1543 1486 1728 1533 nutritum

220 1554 258 1592 in
289 1553 474 1605 hospitali
520 1538 675 1607 tugurio
716 1555 909 1595 Theseum
943 1554 1097 1609 τροφός
1137 1556 1291 1596 dicatur
1334 1555 1495 1595 Hecale.
1600 1559 1730 1606 μαῖαι

219 1625 400 1674 Maximi,
434 1625 471 1663 in
503 1631 787 1678 contemptum,
818 1632 858 1667 ut
887 1639 989 1668 nos:
1021 1627 1097 1667 alte
1125 1628 1303 1681 weiber,
1331 1628 1482 1667 hasen:
1513 1627 1730 1680 Gregorius

221 1698 357 1738 Theol.
389 1699 516 1740 Carm.
547 1699 661 1740 lamb.
695 1712 730 1750 p.
762 1700 853 1739 950.
873 1699 914 1740 C.
945 1712 979 1738 v.
1011 1698 1076 1738 49.
1137 1699 1353 1750 Postrema,
1385 1698 1633 1752 φιλοξειίιοιο
1651 1714 1731 1738 κα-

223 1772 330 1821 λιῆς,
361 1775 557 1825 expressit
589 1772 796 1812 manifesta
830 1771 1063 1821 imitatione,
1092 1770 1155 1810 vel
1185 1771 1316 1822 potius
1345 1771 1556 1824 assumpsit
1584 1782 1608 1809 e
1634 1759 1730 1810 Calss

219 1842 390 1884 limacho
426 1845 693 1897 Crinagoras:
721 1840 900 1896 ζΕκοίλης
929 1858 973 1882 τε
1004 1845 1249 1898 φιλοξείνοιο
1278 1840 1436 1894 καλιήν.
1491 1842 1556 1883 ubi
1585 1841 1731 1882 lacob-

221 1917 302 1954 sius
323 1915 418 1956 ¹v01.
450 1918 493 1957 ΙΙ.
529 1918 566 1957 P.
600 1917 626 1956 l.
656 1930 691 1969 p.
729 1917 821 1956 39¹2.
855 1917 968 1955 vocis
1006 1916 1124 1955 etiam
1155 1920 1245 1954 ante
1276 1914 1555 1954 Callimachum
1586 1914 1730 1954 Crina-

221 2002 438 2041 goramquc
470 1990 637 2029 usitatae
669 1988 899 2044 φιλόξειιός
927 1988 1111 2040 exempla
1136 1986 1321 2026 nonnulla
1345 1999 1395 2026 ex
1423 1987 1618 2026 imitatore
1635 1985 1729 2025 Cal-

222 2060 379 2099 limachi
409 2062 551 2100 Nonne
584 2061 713 2101 habet.
774 2065 813 2100 ut
854 2062 1068 2115 φιλοξειίῳ
1107 2060 1254 2110 νομῆϊ,
1289 2058 1473 2098 Broncho
1504 2057 1630 2110 xvu,
1661 2058 1727 2098 59.
1802 2058 1805 2059 ⁷

223 2134 437 2187 φιλοξείνῳ
468 2133 635 2188 γεραιῷ,
665 2132 792 2172 Icario
818 2132 964 2171 XLVll.
985 2131 1049 2172 56.
1099 2131 1201 2171 Add.
1223 2133 1479 2185 φιλοξείνους
1508 2131 1554 2171 δὲ
1582 2135 1727 2184 γυναῖ-

223 2221 296 2250 κας
339 2205 491 2257 Evang.
528 2205 582 2244 lo.
619 2205 684 2245 Xl.
719 2206 754 2246 5.
817 2206 1065 2256 φιλοξειίιοιο
1107 2207 1314 2256 γέροντος,
1351 2204 1591 2249 Antenoris,
1625 2204 1728 2256 Try-

223 2277 354 2328 phiml.
388 2277 480 2316 657.
551 2280 796 2331 φιλοξείνοιο
831 2275 1050 2329 γυναικός,
1081 2277 1222 2317 viduae
1250 2277 1521 2329 Sareptanae,
1558 2277 1727 2330 Gregor.

222 2349 360 2389 Theoi.
407 2361 583 2400 prooem.
623 2362 659 2402 p.
703 2349 800 2388 Vlll.
873 2351 1090 2404 φιλοξείνῳ
1138 2350 1314 2389 πυλεῶνι
1362 2349 1525 2390 Nonnus
1567 2348 1726 2389 XXXll.

222 2422 314 2461 291.
362 2422 457 2462 XLI.
497 2424 560 2463 08.
631 2423 873 2477 φιλοξείνων
918 2423 1124 2475 θαλάμων
1172 2423 1322 2464 Coluth.
1373 2424 1464 2463 952.
1505 2423 1598 2464 393.
1642 2424 1727 2474 He-

220 2493 342 2532 rodes
385 2493 568 2544 Atticus,
615 2494 677 2533 vel
718 2495 949 2545 Marcellus,
981 2508 1017 2534 v.
1050 2496 1087 2534 5.
1126 2495 1257 2547 δῆμον
1286 2492 1451 2548 Δηώοιο
1495 2493 1728 2550 φιλόξειυον

227 2563 426 2616 Τριόπαο.
486 2566 534 2605 Et
566 2579 705 2607 versus
733 2579 848 2618 supra
881 2568 919 2606 in
949 2567 1244 2619 Prolegomenis
1272 2567 1489 2607 excitatus:
1514 2570 1660 2617 μέλπω
1681 2569 1727 2608 δὲ

220 2636 346 2689 γραὸς
379 2638 448 2689 τῆς
479 2641 697 2693 ιριλοξένου
727 2637 918 2689 τρόπους.
977 2637 1237 2678 Callimachus
1269 2638 1378 2690 ipse:
1409 2639 1726 2692 φιλοξεινωτάτη

223 2710 259 2748 h.
294 2711 329 2748 in
364 2711 446 2749 Det.
483 2711 571 2752 156.
606 2711 834 2765 φιλοξειίἠς
863 2713 1015 2764 Fragm.
1039 2711 1162 2751 XLl'ff‘.
1277 2711 1334 2750 De
1363 2723 1464 2750 voce
1493 2709 1628 2763 καλιή,
1660 2714 1726 2749 lu-

220 2785 388 2835 aninm.
420 2784 563 2836 aliquid
594 2784 798 2823 lacohsius
828 2783 876 2823 ad
908 2783 1171 2835 Apolloniflae
1200 2782 1268 2834 Ep.
1300 2783 1362 2822 lx.
1393 2784 1597 2823 Comment
1638 2782 1724 2822 Vol.

223 2856 268 2896 11.
298 2856 334 2896 l'.
369 2857 394 2895 l.
429 2868 463 2907 p.
497 2856 589 2895 3553.
620 2860 656 2895 et
688 2856 726 2895 in
757 2856 873 2895 Anth.
907 2855 1025 2895 Palam.
1056 2855 1141 2895 Not.
1173 2855 1256 2895 crit.
1283 2867 1319 2907 p.
1352 2854 1445 2895 868.
1503 2853 1559 2894 Ea
1588 2855 1726 2906 primi-
