1856 3126
742 82 1048 122 —257--

121 193 366 236 collectione
396 205 434 248 p.
466 196 559 237 285.
595 197 659 237 ed.
691 199 834 242 Graev.
861 214 898 254 p.
918 202 1012 247 395.
1038 205 1104 244 ed.
1131 205 1292 246 Ernest.
1320 206 1395 247 sed
1425 206 1522 248 nihil
1546 218 1661 261 opus.

123 267 182 307 Cf.
213 268 479 309 Callimachus
509 269 546 312 h.
580 270 665 310 Del.
698 273 762 316 77.
799 272 819 312 ὁ
854 276 890 314 d’
919 275 1055 316 εἵπετο
1085 273 1236 317 πολλὸν
1264 270 1442 320 ὄπισθεν
1465 277 1662 329 Ἀσωπὸς

119 337 395 392 βαρύγουνος.
430 345 469 380 01
515 341 698 382 laudatus
740 344 1003 386 Ruhnkenius
1043 346 1066 386 l.
1100 346 1123 386 l.
1170 347 1292 399 Epist.
1329 360 1385 389 er.
1418 349 1464 388 ΙΙ.
1497 362 1535 402 p.
1566 350 1659 391 187.

118 410 286 450 Nonnus
331 412 395 452 111.
432 413 523 453 lOl.
560 408 627 466 ἤϊε
671 417 910 473 φειδομένῳ
955 417 1091 474 γαμῖῳ
1135 419 1262 470 ποδί,
1309 420 1476 474 νωθρὸς
1507 419 1662 475 ὁδίτης.

117 481 237 522 XVII.
270 483 339 523 27.
371 482 570 538 Σειληνὸς
601 483 868 539 βαρύγουνος
903 484 1092 539 ἐχάζετο,
1127 487 1293 541 νωθρὸς
1325 488 1480 544 ὁδίτης.
1540 491 1661 533 Addo

118 553 182 593 111.
222 554 314 595 106.
348 558 400 609 τί,
432 559 614 610 νυμφίε,
643 557 809 611 νωθρὸς
844 555 1039 610 ὁὸ“ευέις,·
1076 564 1114 599 et
1143 561 1280 602 XLIII.
1314 562 1409 602 381.
1445 562 1660 612 ὀκναλέοις

118 627 165 666 δὲ
195 625 371 667 πόδεσσι
411 624 590 678 ἐχάζετο
622 626 789 680 νωθρός
830 629 985 683 ὁδίτης.
1032 632 1095 671 0111
1131 634 1334 684 geminum
1369 634 1528 675 XXXII.
1563 634 1658 676 265.

116 698 331 746 ὀκναλέοις
365 699 412 739 δὲ
444 697 643 741 πόδεσσιν
673 699 846 754 ἐχάζετο
890 700 1056 754 νωθρὸς
1084 701 1323 756 Ἐρεχθεύς.
1406 707 1502 746 Item
1532 708 1660 748 loan-

114 780 188 810 nes
218 770 401 812 Gazaeus
438 785 474 812 v.
509 773 605 812 388.
638 771 708 821 (11.
747 772 837 825 29.)
869 772 918 812 de
948 779 1161 825 serpente:
1196 776 1299 816 α’λλὰ
1334 776 1460 817 πάλιν
1489 774 1659 830 βραδύ-

112 856 262 895 γουνος
303 841 477 895 ἐσύρετο
507 843 674 897 νωθρὸς
706 843 874 899 ὁδίτης,
919 846 986 886 ubi
1019 848 1147 900 inagis
1175 849 1385 899 usitatum,
1415 853 1495 889 tuin
1522 850 1657 892 Nonni

114 920 162 964 (0
193 914 459 966 Callimacho)
489 929 564 956 usu
595 922 672 957 tum
704 912 1022 970 ipsiusloannis
1053 921 1216 971 Gazaei,
1247 933 1364 973 quem
1396 920 1476 961 vid.
1500 934 1537 962 v.
1555 922 1652 963 570.

112 986 181 1037 (ll.
222 987 369 1038 212),
398 985 664 1040 βαρύγουνος
694 990 826 1030 foret:
870 991 943 1031 sed
987 992 1160 1032 sortasse
1201 993 1328 1032 semel
1364 991 1657 1046 βραδύγοϋνος

113 1058 274 1110 placuit.
311 1059 362 1099 cf.
396 1059 427 1098 Ι.
461 1061 554 1100 252.
595 1062 892 1112 βραὸυπειθέα
922 1064 1106 1115 γούνατα
1138 1062 1295 1115 σύρων.
1411 1063 1558 1104 Verum
1588 1065 1656 1105 hio

111 1131 237 1170 semel
269 1131 514 1171 observasse
546 1133 709 1183 iuvabit,
741 1146 855 1185 quam
879 1136 930 1174 sit
950 1135 1082 1174 Nonni
1111 1137 1277 1176 imitatio
1299 1136 1513 1189 multiplex,
1553 1137 1654 1178 Nam

109 1203 238 1255 primo
277 1208 399 1244 totum
433 1204 535 1255 1100,
567 1202 735 1257 νωθρὸς
776 1204 934 1259 ὁδίτης,
977 1212 1176 1248 muluatus
1222 1213 1284 1248 est
1326 1220 1350 1248 a
1391 1209 1652 1251 Callimacho.

111 1275 270 1314 Deinde
321 1275 485 1328 νωθρός
531 1276 770 1316 vocabulum
816 1277 1059 1319 Callimacho
1109 1285 1229 1333 atque
1277 1281 1372 1320 inde
1418 1282 1651 1333 Nicandro,

70 1349 78 1355 ’
110 1348 294 1400 Oppiano
324 1349 494 1401 utrique,
524 1349 770 1400 Manethoni,
801 1351 1066 1403 scriptoribus
1095 1351 1458 1405 Epigrammatum,
1489 1353 1653 1407 Grego-

109 1420 171 1459 rio
195 1419 421 1473 Theologo,
452 1422 639 1461 usitatum
673 1421 945 1473 frequentavit
978 1427 1058 1463 tum
1082 1423 1143 1463 his
1172 1423 1275 1464 10013
1307 1435 1408 1476 quos
1441 1425 1536 1475 dixi,
1568 1431 1651 1466 tum

110 1491 212 1542 aliis,
241 1496 283 1532 ut
309 1492 349 1531 in
382 1491 460 1532 hoc
490 1491 768 1533 hemistichio:
800 1489 871 1534 ἑὸν
901 1492 1012 1534 πόδα
1033 1493 1200 1549 νωθρὸν
1220 1493 1400 1536 ἑλίσσων
1416 1497 1539 1538 XXV.
1553 1498 1648 1539 281.

105 1564 220 1604 XLV.
249 1564 316 1604 60.
362 1564 465 1616 ἐμὸν
509 1565 620 1605 πόδα
666 1563 836 1617 νωθρὸν
878 1566 1041 1618 ἑρέσσω
1081 1567 1241 1620 Evang.
1280 1567 1336 1607 Io.
1370 1568 1413 1608 V.
1444 1569 1482 1609 7.
1555 1570 1650 1611 Post

104 1637 290 1678 Nonnum
321 1640 452 1677 autem
484 1637 658 1678 Ioannes
692 1638 787 1678 GaZ.
819 1651 855 1678 v.
889 1636 983 1678 254.
1015 1643 1054 1679 01
1084 1640 1179 1680 515.
1212 1638 1278 1689 (ΙΙ.
1313 1640 1429 1691 157.)
1459 1641 1650 1682 cometas

103 1709 379 1750 Scholastieus
408 1709 453 1749 11.
490 1711 524 1754 1.
555 1710 604 1750 A.
635 1710 713 1750 Pal.
745 1710 790 1750 11.
820 1722 855 1763 p.
885 1711 982 1752 212.
1093 1711 1276 1763 Denique
1307 1713 1357 1752 ab
1389 1713 1535 1754 eodem
1553 1714 1649 1756 Cal-

105 1781 278 1822 limacho
310 1781 476 1822 Nonnus
506 1793 620 1822 usum
652 1782 767 1822 vocis
798 1779 938 1834 ὁδίτης
967 1793 1049 1822 11011
1082 1784 1283 1835 proprium
1318 1785 1406 1824 sive
1435 1785 1649 1838 periphra-

105 1857 248 1895 sticum
274 1855 413 1895 didicit
443 1860 483 1895 et
515 1856 627 1895 varie
657 1854 928 1907 frequentavit
957 1855 1087 1895 multis
1118 1855 1234 1905 locis,
1264 1860 1307 1896 ut
1336 1855 1465 1909 ὑγρὸς
1491 1856 1647 1912 ὁδίτης,

104 1926 230 1977 πεζὸν
261 1927 415 1982 affirma,
448 1932 653 1979 χερσαῖον
685 1924 827 1978 ὁδίτην
861 1926 910 1966 31.
970 1926 1098 1966 Etiam
1131 1929 1170 1967 in
1204 1927 1429 1980 Evangelio
1466 1928 1646 1982 Ioannis,

104 2012 139 2040 e.
170 2012 211 2052 g.
241 1999 329 2040 XII.
363 1998 426 2039 14,
460 1995 691 2050 ταλαεργὸν
719 1995 880 2050 ὁδ’ίτην,
914 1998 964 2037 de
996 1999 1125 2039 asino.
1185 2000 1233 2039 Ut
1262 2005 1419 2040 taceam
1451 2000 1646 2041 Ioannem

103 2071 318 2114 Gazaeum,
379 2070 475 2109 Eum
507 2081 618 2109 usum
649 2070 870 2121 praeivisse
901 2069 962 2110 his
999 2072 1131 2122 poetis
1165 2075 1204 2110 et
1236 2071 1481 2112 Callimacho
1518 2073 1647 2113 videri

102 2148 235 2196 potest
265 2143 489 2195 Sophocles
523 2140 688 2181 Philoct.
724 2141 812 2185 147.
859 2139 1016 2182 ὁπόταν
1047 2143 1093 2182 δὲ
1131 2142 1241 2198 μόλῃ
1329 2141 1466 2189 δεινὸς
1503 2142 1645 2198 ὁδίτης

101 2216 222 2256 τῶνδ’
249 2216 292 2255 ἐκ
315 2215 561 2266 μελάθρων.
640 2213 775 2253 Simile
809 2214 974 2254 alterum
999 2220 1072 2265 est,
1108 2215 1215 2267 quod
1245 2220 1284 2254 et
1317 2216 1444 2267 ipsum
1476 2215 1526 2255 ad
1549 2221 1643 2256 tae-

108 2286 216 2326 dium
245 2298 371 2338 usque
403 2286 680 2337 frequentatur
710 2285 759 2324 ab
783 2285 928 2324 Nonno
949 2317 958 2335 ,
991 2284 1159 2340 ἀλήτης.

216 2358 304 2398 Non
338 2357 644 2397 desideraretur
674 2356 753 2396 hoe
788 2355 896 2406 loco,
927 2357 960 2395 si
993 2356 1167 2405 abesset,
1198 2367 1312 2407 quem
1340 2368 1414 2408 per
1445 2362 1642 2409 opportu-

101 2430 267 2470 nitatem
301 2431 415 2470 vocis
446 2426 610 2481 νωθρός
641 2429 680 2468 111
710 2428 1035 2481 Programmate,
1069 2439 1146 2479 quo
1176 2429 1343 2480 primum
1374 2433 1414 2469 et
1442 2428 1642 2483 Prolego-

103 2514 222 2542 mena
255 2503 296 2542 in
328 2502 507 2542 Hecalen
539 2506 578 2540 et
611 2502 741 2553 capita
773 2500 999 2553 posteriora
1031 2504 1202 2551 quatuor
1242 2500 1378 2551 edidi,
1413 2500 1541 2541 lusum
1574 2504 1640 2542 in-

100 2572 226 2626 genii,
258 2572 345 2611 sive
376 2571 490 2611 malis
511 2572 745 2622 industriae,
774 2573 1039 2611 inserueram.
1097 2571 1176 2611 Sed
1199 2571 1359 2610 dabitur
1379 2572 1444 2612 hic
1466 2585 1638 2626 quoque.

100 2645 292 2685 Tironum
324 2644 364 2683 111
392 2644 579 2696 gratiam,
611 2645 643 2684 si
676 2645 741 2696 qui
772 2645 925 2684 tirones
957 2642 1135 2682 incident
1167 2644 1205 2683 in
1239 2643 1344 2683 hune
1371 2643 1540 2686 librum:
1571 2648 1638 2699 qui

101 2716 262 2768 quidem
291 2716 411 2755 etiam
444 2726 496 2754 ex
527 2715 748 2755 imitatione
781 2715 966 2764 discere,
999 2714 1092 2766 quid
1132 2715 1183 2754 sit
1227 2714 1428 2767 elegantia
1470 2717 1638 2758 scholae

100 2787 425 2838 Alexandrinae,
456 2791 655 2839 poterunt.
743 2786 811 2827 Sic
854 2786 976 2839 igitur
1014 2785 1229 2837 aliquando
1277 2799 1395 2839 quum
1441 2789 1480 2828 in
1513 2789 1636 2830 Conna

197 2859 323 2892 Naekii
351 2860 472 2904 Opusc.
498 2859 541 2892 ΙΙ.
1324 2860 1371 2898 17
