1820 3141
717 137 994 173 —21—

96 251 292 304 interpres
323 251 495 313 Petronii
526 250 739 291 Gonsalius
774 251 823 291 dc
853 253 981 293 Salas.
1048 253 1208 294 Meursti
1242 252 1400 305 quidem
1431 251 1616 293 collectio

97 322 214 362 etiam
241 333 290 361 eo
313 322 433 373 utilis,
464 322 572 374 quod
595 321 747 362 addidit
773 323 823 362 de
849 328 962 364 tauro
980 325 1228 365 Marathonio
1250 324 1463 375 nonnulla3
1495 336 1618 377 prae-

97 399 207 435 terea
236 393 340 433 idem
375 398 417 434 et
444 393 524 434 hoc
553 393 659 444 loco,
688 406 803 446 quem
836 394 928 447 dixi,
960 400 1000 435 et
1031 397 1070 435 in
1090 396 1337 435 Bibliotheca
1357 397 1512 437 Graeca
1544 408 1615 436 sua

92 465 159 505 lib.
179 465 225 505 11.
284 464 422 514 (Thes.
457 466 632 506 Gronov,
663 466 749 506 Vol.
773 466 820 506 X.
842 467 962 506 1255.
982 467 1051 515 D.)
1081 471 1119 506 et
1150 466 1200 506 ad
1232 466 1400 507 Helladii
1423 468 1618 508 Chresto-

91 536 212 576 math.
253 537 456 586 (eiusdem
499 537 577 577 vol.
609 537 726 577 Thes.
761 537 937 578 Gronov.
971 537 1065 578 957.
1095 537 1162 585 Β.)
1203 538 1353 578 initium
1400 540 1616 593 colligendi

91 609 314 661 fragmenta
344 607 530 658 Hecates,
557 620 655 648 saue
686 620 802 660 quam
833 621 1014 661 parvum,
1044 608 1152 649 fecit.
1209 609 1327 649 Aliud
1350 611 1617 662 Spanhemius

90 693 127 732 p.
150 681 242 720 277.
272 692 358 732 seq.
392 678 455 718 ed.
487 679 630 719 Graev.
661 691 698 732 p.
725 679 819 721 387.
849 692 934 734 seq.
966 681 1030 721 ed.
1050 681 1144 721 Ern.
1204 681 1303 721 lllud
1338 681 1455 721 facile
1489 682 1617 732 quivis

89 751 175 803 ipse
205 752 507 802 animadvertet,
537 756 732 804 quotquot
761 753 1014 804 appositurus
1047 763 1132 792 sum
1165 756 1345 792 veterum
1378 753 1616 803 scriptorum
1663 739 1667 743 ”

90 822 140 862 dc
171 823 324 862 llecalc·
360 824 501 873 locos,
539 835 679 862 omues
718 827 784 863 aut
824 824 1066 876 plerosque,
1107 824 1180 864 sed
1222 836 1304 864 non
1345 823 1481 862 dubito
1522 824 1615 874 quin

88 907 244 945 onmes,
278 895 327 934 ad
347 895 630 935 Callimachum
662 897 881 945 respicere,
914 898 978 947 qui
1007 897 1169 936 omnino
1199 897 1431 936 notissimus
1460 896 1615 934 cunctis

88 971 228 1006 auctor
258 967 308 1005 de
340 967 460 1006 rebus
491 966 662 1006 Hecales
689 967 773 1017 l'uit,
797 971 837 1007 et
866 967 998 1008 multis
1017 968 1122 1008 haud
1145 967 1264 1008 dubie
1292 968 1431 1008 unicus
1458 971 1611 1007 auctor.

195 1038 363 1090 Priapei.
397 1050 518 1078 carm.
541 1039 626 1080 Xll.

354 1108 563 1157 Quaeclcmi
591 1109 728 1149 iunior
756 1109 942 1150 Hectoris
968 1114 1165 1161 parente,

353 1180 553 1220 Cumaeae
577 1193 719 1232 soror,
748 1186 793 1220 ut
815 1185 933 1232 pute,
967 1181 1169 1232 Sibyllae,

349 1251 544 1303 Aequalis
578 1253 672 1302 tibi,
704 1265 823 1304 quam
853 1253 1010 1292 domam
1039 1256 1247 1292 revertens

357 1322 533 1362 Theseus
559 1323 742 1374 repperit
768 1323 810 1365 in
841 1335 939 1374 royo
972 1323 1178 1373 ica-entem,

350 1393 515 1446 Insimno
552 1395 654 1434 solet
683 1394 762 1434 huc
787 1395 919 1447 yrada-
951 1394 1111 1433 venire:

81 1471 121 1508 et
154 1478 256 1519 quae
290 1477 376 1520 seq.
435 1467 594 1506 Priores
624 1475 766 1503 versus
797 1466 978 1517 apposui,
1008 1470 1050 1505 ut
1081 1475 1287 1505 monerem
1318 1463 1368 1503 de
1398 1464 1609 1516 scriptura.

80 1539 207 1587 Quum
250 1540 355 1578 enim
390 1551 442 1578 ex
483 1535 640 1590 optimis
685 1535 797 1576 libris
842 1542 1073 1577 annotatum
1115 1537 1168 1577 sit
1212 1535 1420 1585 Quaedam
1463 1535 1612 1586 iunior,

82 1613 194 1652 cuius
224 1612 446 1663 scripturae
477 1611 752 1650 correctiones
783 1613 875 1649 sunt
897 1609 1049 1657 senior,
1083 1613 1122 1648 et
1153 1608 1299 1648 factum
1329 1607 1423 1647 inde
1452 1619 1475 1647 a
1504 1608 1609 1648 Sca-

82 1683 210 1736 ligero
241 1682 401 1730 serior,
433 1686 470 1721 et
502 1682 550 1722 ab
586 1681 673 1720 aliis
707 1679 916 1728 Quaedam
945 1680 1055 1720 haud
1082 1680 1240 1719 iunior:
1283 1679 1419 1719 videat
1450 1678 1608 1731 aliquis,

79 1768 132 1795 an
173 1754 408 1795 conservari
454 1753 643 1792 librorum
685 1753 883 1804 scriptura
925 1763 1006 1791 non
1049 1756 1196 1792 mutata
1236 1750 1396 1791 debeat.
1468 1751 1517 1791 Ut
1558 1751 1610 1790 sit

77 1826 213 1866 iunior
241 1824 428 1866 Hectoris
463 1828 635 1874 parente
673 1824 763 1863 κατ’
797 1821 1056 1877 ἆντίφρασιν
1096 1807 1269 1874 dictum,
1296 1834 1370 1874 pro
1411 1834 1461 1861 eo
1500 1821 1610 1874 quod

79 1902 316 1951 exspectes,
347 1896 496 1936 senior.
554 1897 602 1936 Ut
642 1896 677 1936 si
706 1895 793 1949 quis
826 1895 1027 1934 hominem
1057 1894 1350 1946 pauperrimum
1384 1892 1609 1932 divitiorem

79 1970 174 2019 Iro,
207 1968 271 2008 vel
303 1972 443 2007 contra
487 1967 720 2007 ditissimum
759 1966 1049 2018 pauperiorem
1080 1965 1231 2006 Croeso
1270 1965 1437 2005 diceret.
1507 1966 1607 2006 Nam

78 2041 272 2092 Hecuba,
316 2039 391 2079 etsi
431 2051 559 2091 neque
601 2040 686 2091 ipsa
724 2050 885 2091 semper
914 2037 1047 2078 vetula
1090 2037 1189 2087 suit,
1233 2040 1367 2077 tamen
1402 2042 1602 2089 tamquam

78 2113 299 2164 exemplum
331 2123 509 2151 summae
549 2112 768 2151 senectutis
798 2110 894 2163 poni
935 2113 1080 2162 potest.
1137 2109 1207 2151 Sic
1253 2108 1410 2148 differet
1455 2108 1605 2160 aliquid

78 2185 185 2224 inter
214 2183 416 2223 Hecubam
446 2187 485 2222 et
513 2184 717 2235 exempla,
744 2194 846 2235 quae
877 2182 1037 2223 subiicit
1067 2184 1199 2233 poeta,
1229 2180 1431 2233 Sibyllam,
1465 2180 1603 2220 Heca-

77 2256 143 2296 len
162 2290 172 2309 ‚
201 2260 240 2295 et
269 2255 424 2296 duobus
458 2255 590 2295 modis
623 2255 843 2295 declarabit
869 2254 1027 2294 vetulae
1057 2254 1170 2294 istius
1200 2265 1297 2294 suae
1328 2256 1603 2292 senectutem:

77 2327 202 2368 semel
233 2329 284 2367 ita
317 2331 357 2367 ut
394 2339 480 2367 eum
510 2327 741 2379 grandaeva
770 2326 836 2366 illa
867 2326 1030 2366 Hecuba
1064 2337 1152 2365 eam
1181 2328 1411 2377 comparet3
1442 2323 1603 2373 deinde,

77 2403 119 2440 ut
147 2403 324 2450 tempore
343 2398 516 2450 Sibyllae
546 2398 694 2437 vixisse
718 2402 864 2437 etcum
887 2397 1037 2437 Hecale
1069 2395 1240 2436 eandem
1270 2395 1479 2448 significet.
1514 2395 1601 2442 Quo

76 2471 301 2523 posteriore
329 2469 449 2508 modo
481 2470 619 2509 iterum
650 2471 771 2509 utitur
803 2470 889 2510 sive
921 2469 1024 2508 idem
1055 2470 1141 2509 sive
1172 2468 1270 2508 alius
1301 2471 1445 2518 poeta,
1473 2467 1600 2518 Priap.

75 2541 204 2582 Lvfll.
236 2541 275 2580 3.
305 2553 363 2592 sq.
396 2540 485 2579 coll.
516 2540 780 2581 LXXVHL4.
809 2545 848 2580 et
877 2540 1066 2581 Martialis
1095 2540 1144 2581 X.
1177 2538 1244 2578 67.

186 2614 332 2655 Statius
362 2613 484 2653 Theb.
516 2613 600 2653 XII.
634 2613 728 2652 551.
758 2610 824 2652 irbi
854 2625 956 2652 uxor
989 2611 1163 2664 Capanei
1193 2609 1377 2650 Theseo:

242 2684 289 2724 Si
311 2684 491 2735 patrium
519 2683 766 2723 Marathona
795 2688 921 2733 meta,
951 2683 989 2722 si
1023 2687 1125 2722 tecta
1155 2681 1300 2721 levasti

245 2756 434 2806 Cressia,
467 2768 542 2794 nee
563 2755 668 2807 fudit
695 2766 826 2794 minos
856 2767 959 2794 (mins
989 2754 1149 2805 hospita
1175 2752 1303 2804 fletus.

78 2824 194 2873 Quod
221 2830 326 2866 tecta
349 2826 514 2867 Cressia
543 2825 741 2867 immiscet
770 2825 929 2874 Statius,
961 2826 1102 2876 quibus
1124 2825 1374 2866 interfectum
1401 2837 1423 2866 a
1442 2825 1598 2866 Theseo
