1856 3126
784 135 1088 175 —250—

166 249 287 302 diem,
318 261 397 303 quo
431 263 567 292 coram
597 253 806 294 tribulibus
836 259 1002 295 matrem
1035 256 1201 296 victoris
1222 255 1415 296 Aethram
1446 255 1698 296 celebratura

162 322 225 362 sit.
283 321 494 363 Caeterum
527 324 634 376 quod
664 325 857 366 Aethram
887 339 910 366 a
939 338 984 367 se
1013 327 1256 367 celebratum
1285 329 1334 368 iri
1363 327 1576 381 significat,
1609 327 1698 367 fru-

161 398 243 433 stra
274 400 550 446 quaereretur,
582 408 653 436 cur
681 408 760 437 uon
792 401 958 449 patrem,
986 397 1192 451 Aegeu1n3
1222 399 1397 438 omnium
1427 397 1588 436 minime
1617 407 1698 436 au-

161 468 238 504 tem
269 467 449 518 sequitur
481 472 561 507 tum
602 469 680 508 iam
713 473 908 509 mortuum
951 469 1075 510 fuisse
1107 470 1305 524 Aegeum.
1421 470 1565 510 Coram
1605 482 1697 511 mu-

159 535 324 577 lieribus
356 535 441 586 (s‘n'
474 534 800 594 ἆγρομένῃς),
831 546 870 581 et
892 554 915 581 a
946 542 1111 582 muliere
1143 543 1334 582 convenit
1354 542 1508 582 laudari
1529 547 1695 582 matrem

163 607 301 649 herois
330 610 560 661 mulierem,
597 612 715 651 etiam
745 612 933 666 neglecto
966 619 1091 666 patre.
1153 615 1323 654 Maxime
1355 615 1388 654 si
1419 615 1510 667 quid
1545 613 1696 654 Hecale

158 680 303 721 edocta
337 682 476 732 suerit,
506 687 547 722 ut
577 683 785 735 probabile
816 690 877 724 est
910 685 1035 725 fuisse
1064 685 1249 726 edoctam
1268 717 1278 737 ‚
1309 687 1360 726 (le
1401 692 1515 739 patre
1545 686 1694 726 Thesei

157 752 298 803 altero,
330 753 422 793 deo.
482 755 675 806 Apposite
707 756 756 795 ad
785 768 869 796 rem
898 756 1135 798 Theocritus
1164 770 1285 798 earm.
1304 758 1443 798 XXIV.
1477 758 1544 798 ubi
1577 757 1694 796 Tire-

157 825 259 864 sias:
289 825 458 876 θάρσει,
485 824 775 878 α’ριστοτόκεια
795 827 933 880 γύναι,
966 829 1114 880 inquit:
1149 828 1300 869 πολλαί
1316 829 1583 882 Ἀχαιϊάδων
1604 844 1693 878 μα-

156 893 281 937 λακὸν
311 898 410 948 περί
436 898 610 949 γούνατι
639 900 751 950 νῆμα
829 900 944 951 χειρί
971 904 1286 953 κατατρίψοντι,
1314 900 1576 954 ἀκρέσπερον
1605 901 1693 941 αἐί.

157 968 297 1008 ὁόισαι
386 965 620 1021 Ἀλκμήναν
660 966 885 1021 ὀνομαστί,
917 972 1044 1020 σέβας
1076 971 1113 1009 δ’
1147 968 1220 1025 ἔσῃ
1252 971 1497 1023 Ἀργειάισι.
1563 971 1694 1024 Apol-

158 1037 291 1077 lonius
311 1037 339 1077 1.
364 1037 455 1078 984.
482 1038 531 1078 de
561 1045 688 1079 matre
711 1039 866 1079 Iasonis
894 1040 1129 1080 Alcimeda:
1160 1035 1181 1093 ἦ
1215 1039 1469 1093 τοπάροιθεν
1493 1040 1692 1094 Ἀχαιϊά-

159 1109 303 1148 dmm
333 1107 475 1161 α’γητή.
547 1110 625 1150 Sed
668 1110 841 1151 sortasse
871 1111 1002 1163 Aegei
1050 1123 1209 1163 quoque
1249 1113 1398 1151 mentio
1438 1112 1510 1152 fuit
1551 1114 1591 1153 in
1622 1114 1690 1154 illo

158 1182 375 1234 anticipato
409 1186 542 1222 mente
572 1183 815 1235 praeconio,
844 1183 923 1222 ita:
963 1180 1136 1237 Αἱθρην
1165 1209 1219 1214 -
1252 1184 1444 1236 ὑδέοιμι,
1484 1189 1523 1225 et
1557 1185 1692 1238 mayn&

154 1254 331 1306 Neptuni
347 1254 564 1307 σύγγαμον
594 1253 883 1307 (σύλλεκτρον,
917 1255 1116 1308 ξυνήοναε
1152 1256 1342 1296 Valcken.
1367 1258 1406 1297 in
1430 1257 1522 1297 Eur.
1541 1258 1690 1298 Phoen.

153 1325 271 1377 431.)
302 1326 451 1378 Aeqea.

265 1398 449 1449 Incerta,
485 1398 559 1438 sed
588 1402 678 1450 apta
709 1403 842 1439 tamen
870 1398 921 1439 ad
960 1404 1113 1451 partem
1145 1401 1336 1442 carminis
1377 1412 1490 1451 eam,
1533 1402 1573 1440 in
1611 1414 1687 1454 qua

151 1481 379 1520 versamur,
411 1471 740 1511 annumeraveris
770 1472 886 1512 haec.
945 1472 1102 1524 Fragm.
1135 1472 1258 1512 CCCl.
1290 1472 1449 1522 (Valck.
1472 1473 1567 1514 Call.
1589 1473 1688 1514 Ele-

155 1543 260 1596 giar.
290 1542 353 1582 Fr.
383 1555 421 1596 p.
453 1542 570 1593 299.)

823 1612 897 1653 ἀπ’
928 1610 1076 1661 οὔατος
1104 1609 1275 1666 ἄγγελος
1304 1610 1436 1654 ἔλθοι.

153 1699 241 1727 cuin
271 1687 615 1739 interpretatione,
646 1698 749 1739 quae
776 1686 935 1725 videtur
964 1687 1081 1725 unice
1102 1697 1197 1724 vera
1218 1696 1325 1736 esse,
1354 1686 1493 1738 Toupii
1514 1687 1682 1727 Emend.

151 1760 190 1799 in
219 1759 327 1800 Suid.
366 1759 405 1799 P.
433 1759 495 1798 IV.
529 1759 615 1798 Vol.
646 1758 690 1798 ΙΙ.
724 1770 759 1810 p.
789 1758 884 1798 457.
917 1758 979 1806 (Τ.
1007 1757 1052 1798 11.
1082 1770 1118 1809 p.
1141 1757 1211 1797 36.
1245 1757 1308 1797 ed.
1328 1757 1471 1809 Lips.}‚
1498 1757 1685 1809 facessat

151 1831 202 1871 ab
239 1830 411 1870 auribus
452 1831 605 1870 nostris
642 1831 717 1870 iste
758 1830 935 1870 nuntius.
1007 1829 1112 1869 Add.
1147 1829 1307 1869 Homer.
1348 1828 1389 1868 Il.
1420 1828 1556 1869 XVlll.
1589 1829 1682 1870 272.

149 1904 305 1956 Fragm.
338 1902 482 1942 CCClI.

788 1969 892 2024 δυήν
921 1969 1159 2010 ἆηόθεσῖον
1191 1969 1380 2010 α’λάλκοι.

153 2058 175 2085 e
204 2045 415 2098 praeclara
445 2044 727 2084 emendatione
757 2043 925 2083 Porsoni
950 2043 1050 2086 Not..
1072 2042 1185 2081 brev.
1216 2042 1266 2081 ad
1299 2041 1681 2093 ToupiiEmendatt.

152 2117 192 2156 in
224 2117 333 2157 Suid.
364 2129 401 2168 p.
430 2116 524 2156 489.
585 2115 747 2156 Scilicet
776 2114 977 2154 Bentleius
1010 2125 1112 2166 quae
1144 2113 1247 2166 apud
1276 2114 1436 2154 Suidam
1458 2114 1498 2153 in
1529 2126 1565 2154 v.
1587 2112 1681 2167 Δύη

153 2187 331 2240 legeret:
375 2183 481 2239 δύην
512 2181 672 2226 ἄπωθέν
702 2186 736 2224 τ’
767 2183 962 2235 α’λάλκοι,
1011 2181 1059 2235 ἢν
1093 2183 1231 2232 οὐδείς
1271 2187 1416 2233 ποθεῖ,
1457 2196 1529 2236 pro
1558 2184 1682 2224 Calli-

154 2258 284 2298 machi
317 2258 453 2298 verbis
494 2257 649 2297 habens
695 2257 856 2307 onmia,
895 2257 948 2295 ita
988 2257 1268 2295 constituerat:
1310 2254 1414 2309 δυήν
1454 2253 1613 2296 α’πόθεν
1642 2256 1682 2295 τ’

151 2326 412 2376 ἀπαλάλκοι,
498 2324 547 2379 ἢν
578 2326 718 2373 ου’ὅείς
749 2327 907 2365 ποθέει.
966 2326 1019 2366 At
1045 2326 1268 2366 Porsonus:
1310 2323 1360 2378 ἣν
1391 2325 1528 2373 οὐδεὶς
1557 2328 1688 2366 ποθεῖ

151 2398 280 2438 verba
307 2403 403 2437 sunt
423 2397 683 2437 Grammatici
704 2409 783 2448 pro
810 2397 1162 2447 interpretamento
1193 2396 1362 2436 adiecta.
1422 2397 1530 2436 Idem
1561 2409 1680 2450 quum

149 2469 230 2509 hoc
262 2469 430 2508 liberum
460 2468 669 2519 relinquat,
704 2473 830 2507 utrum
863 2464 1074 2520 α’πόθητον
1104 2480 1153 2507 an
1185 2467 1434 2519 α’πόθεστον,
1465 2479 1542 2520 ego
1574 2466 1680 2507 αἠό-

153 2543 305 2580 emron
336 2541 477 2590 malui,
513 2540 619 2592 quod
652 2538 702 2578 ad
729 2539 918 2578 librorum
954 2539 1139 2590 vestigia,
1170 2538 1414 2578 Oxoniensis
1444 2538 1546 2590 apud
1578 2539 1680 2578 Por-

152 2622 307 2659 sonum,
339 2616 376 2650 et
407 2623 512 2650 nunc
547 2610 650 2662 apud
674 2610 942 2650 Gaisfordium
974 2610 1154 2658 aliorum,
1184 2607 1405 2660 (2710'3503’,
1437 2597 1561 2649 dno'ff
1583 2610 1678 2659 ἐστ’,

153 2682 310 2720 accedit
340 2683 532 2733 proxime.
592 2681 748 2722 Deinde
771 2682 894 2720 semel
927 2682 976 2720 ab
1000 2681 1174 2720 Homero
1207 2679 1527 2720 Od.XV11.‘296.
1557 2690 1679 2718 usur-

152 2757 282 2805 patum
315 2754 549 2793 vocabulum
583 2752 818 2799 ἀπόθεστος
852 2754 1030 2805 inprimis
1072 2753 1233 2805 dignum
1265 2751 1512 2792 doctioribus
1545 2750 1676 2801 poetis

153 2828 235 2872 est;
277 2827 392 2874 atque
429 2826 503 2877 ipsi
546 2826 625 2875 illi,
671 2826 737 2877 qui
771 2825 851 2865 hoe
888 2836 1074 2877 quoque,
1115 2823 1382 2874 ἅπόθεστον,
1424 2820 1676 2873 improbabili
