1856 3126
783 112 1089 152 -158—

166 241 326 284 quoque
356 233 499 282 poetae
529 233 808 281 perceperant.
868 228 990 269 Simul
1020 232 1160 267 noster
1188 241 1238 268 eo
1271 229 1503 282 plerumque
1534 227 1611 268 hoc
1640 230 1704 269 lu-

167 307 318 353 cratur,
350 306 392 341 ut
421 302 556 341 suavis
588 301 651 340 illa
686 314 856 342 caesura
887 301 1091 341 trochaica
1122 301 1301 353 prodeat..
1362 301 1410 339 Ut
1444 300 1481 339 in
1515 300 1600 340 his:
1630 295 1707 340 ἄλ-

165 378 265 414 λεκα
299 375 550 428 χρυσείῃσιν
589 375 839 426 ἐεργομένην
880 374 1086 428 ἐνετῇσιν,
1121 378 1161 412 cl
1191 370 1364 425 Αἴθρην
1402 372 1476 422 τήν
1516 365 1707 410 εὔτεκνον

164 446 210 492 ἐν
239 445 486 497 α’γρομένοις
513 442 698 494 ὖὸὲοιμι,
729 450 768 484 et
802 446 840 484 in
872 445 964 494 hoc,
996 445 1101 496 quod
1133 457 1368 494 annumero,
1402 444 1490 496 quia
1524 444 1602 483 duo
1627 455 1705 482 vo-

164 517 305 557 cabula
337 514 417 554 ὑπὸ
452 517 581 571 πέτρῃ
614 517 741 556 instar
774 517 890 556 unius
921 515 1164 568 tetrasyllabi
1199 521 1314 555 sunt:
1358 515 1584 569 uohovpat'qy
1621 512 1700 553 ὑπὸ

160 590 307 643 πέτρῃ.
366 588 445 628 Sed
471 589 587 627 etiam
620 601 706 629 cum
737 601 905 628 caesura
937 589 1083 627 altera:
1113 590 1156 627 ὲν
1176 586 1432 637 στομάτεσσι
1464 582 1703 637 νειὸςἈχε-

162 663 352 714 ροντειάς
383 662 630 714 ἐπίβαθρον.
690 661 836 700 Rarum
868 664 930 699 est
961 672 1011 699 eo
1043 661 1080 699 in
1105 659 1197 698 loco
1226 658 1463 697 vocabulum
1495 657 1700 708 anapaesti

163 745 390 772 mensuram
417 734 593 774 habens:
626 731 781 785 α’ρετήν
811 732 845 772 τ’
879 726 1034 786 ἄφενός
1066 747 1109 772 τε
1139 731 1179 771 h.
1212 731 1296 773 lov.
1328 732 1393 774 94.
1427 732 1477 770 cl'.
1511 730 1602 770 ibid.
1633 728 1700 769 36.
1729 737 1733 740 ⁴

159 807 332 846 σκολιοῦ
362 805 626 857 λαβυρίνθου
665 805 704 843 h.
737 804 823 844 Del.
856 803 953 843 311.
1014 804 1111 843 Nam
1156 804 1251 843 ihid.
1286 801 1354 843 43.
1404 803 1509 842 oculi
1551 807 1699 841 tantum

160 881 418 929 anapaestum
448 877 612 926 vident,
645 888 762 915 aures
804 875 1078 915 choriambum
1110 875 1296 915 audiunt:
1337 877 1407 915 καὶ
1451 876 1493 924 ἐξ
1520 872 1701 929 Ἐφύρης

158 948 358 995 ἀνιόντες.
418 949 611 1001 Disyllabi
648 960 746 988 vero
781 949 911 1000 quod,
945 950 978 988 si
1013 949 1252 988 discesseris
1282 961 1302 987 a
1336 949 1558 989 Wernickii
1597 948 1700 999 Try-

156 1020 292 1072 phiod.
324 1033 360 1072 p.
395 1020 488 1061 292.
522 1021 562 1060 in
596 1021 632 1059 h.
664 1022 780 1060 Dian.
815 1021 905 1059 loO.
939 1021 1199 1070 coniectura,
1230 1032 1344 1071 quam
1377 1032 1482 1059 nunc
1516 1022 1621 1071 ipse,
1663 1020 1697 1059 si

156 1093 326 1142 viveret,
349 1092 557 1132 damnaret
579 1092 854 1141 Wernichius,
885 1093 1043 1131 unicum
1076 1093 1296 1144 exemplum
1331 1096 1406 1142 est,
1438 1091 1474 1130 h.
1496 1091 1581 1130 Del.
1604 1091 1698 1131 291.

157 1161 239 1203 ἀπὸ
275 1164 441 1213 ξανθῶν
471 1165 757 1216 Ἀριμασπῶν,
790 1165 908 1203 etiam
943 1165 1092 1215 ipsum,
1127 1176 1243 1216 (fnum
1282 1165 1385 1204 hona
1416 1162 1697 1215 pronunciatio

153 1237 334 1288 proxime
364 1236 503 1289 iungat
533 1234 615 1274 α’πὸ
649 1237 828 1285 ξανθῶν,
860 1235 987 1274 lenius
1017 1237 1097 1275 lluit
1128 1248 1243 1288 qnam
1277 1232 1328 1275 τά
1363 1236 1408 1274 δὲ
1439 1235 1514 1274 νῦν
1544 1232 1697 1286 πολλὴν

152 1309 397 1362 τυφεδῶνα.
471 1308 581 1348 llaec
621 1307 772 1356 obiter,
813 1312 853 1346 ut
894 1319 1001 1346 novo
1049 1309 1233 1359 exemplo
1272 1312 1502 1360 appareret,
1548 1311 1695 1359 quanta

156 1380 424 1420 Callimachus
454 1380 660 1433 diligentia
695 1391 775 1419 non
810 1381 936 1420 solum
974 1381 1150 1419 vitandis
1186 1381 1258 1431 iis,
1290 1392 1391 1432 quae
1433 1380 1576 1419 vitiosa
1618 1380 1695 1419 ha-

153 1453 299 1492 hentur
326 1454 365 1492 in
394 1465 438 1492 re
469 1454 649 1503 metrica,
678 1453 749 1492 sed
781 1455 897 1492 etiam
929 1453 1200 1505 praeferendo
1232 1452 1397 1491 meliora
1429 1452 1573 1502 bonis,
1605 1452 1695 1491 ele-

152 1526 338 1578 gantiora
369 1526 433 1573 iis,
467 1537 633 1577 quorum
664 1526 795 1565 minor
824 1526 1039 1578 elegantia,
1077 1526 1299 1575 curaverit,
1332 1529 1374 1564 ut
1404 1536 1544 1564 versus
1578 1523 1695 1563 sace-

153 1602 216 1637 ret
243 1598 568 1638 rotundissimos.
641 1597 705 1638 Ad
748 1597 1035 1650 dispellendam
1086 1598 1285 1649 speciem,
1333 1608 1449 1647 quam
1493 1595 1692 1645 dicebam,

153 1672 271 1711 metri
303 1673 343 1711 in
377 1671 603 1724 fragmento
637 1670 704 1709 illo
734 1681 816 1710 non
843 1681 943 1722 opus
974 1674 1060 1709 erat
1088 1669 1165 1708 hac
1187 1668 1544 1717 demonstratione,
1575 1679 1691 1719 quum

154 1744 254 1783 satis
288 1743 435 1783 doceat
463 1742 654 1795 prosodia
683 1741 883 1795 refragari
912 1741 1138 1795 τυφεὸὦνα
1169 1745 1296 1779 metro
1332 1740 1512 1779 heroico.
1566 1739 1693 1780 Unum

153 1815 308 1865 habeo,
341 1816 414 1855 sed
446 1828 583 1868 parum
614 1815 852 1867 locupletem
885 1818 1090 1853 auctorem
1109 1844 1120 1863 ‚
1152 1813 1387 1865 Gregorium
1427 1811 1692 1864 Theologmn,

153 1888 220 1939 qui
253 1888 291 1926 in
321 1882 456 1941 τῦφος
487 1899 609 1940 saepe
640 1888 808 1939 corripit
837 1888 1025 1939 priorem,
1054 1891 1093 1926 et
1121 1886 1294 1938 quidem,
1325 1897 1405 1924 uno
1437 1885 1528 1924 loco
1560 1883 1690 1924 Carm.

152 1958 229 1999 Lll.
262 1959 328 1998 30.
371 1964 572 2011 excepte,
610 1964 872 2010 constanter,
914 1964 955 1999 ut
1000 1963 1190 2011 appareat
1229 1959 1334 1997 hanc
1375 1957 1430 1997 illi
1472 1957 1689 2009 legitimam

153 2032 450 2082 correptionem
481 2032 606 2071 visam
628 2043 734 2071 esse.
794 2031 836 2070 In
858 2031 1089 2070 Callimachi
1120 2031 1212 2070 loco
1243 2029 1454 2069 manifesta
1478 2032 1567 2069 sunt
1589 2027 1689 2068 alius

151 2104 267 2143 metri
301 2102 485 2154 vestigia.
544 2102 673 2142 Veluti
703 2102 868 2154 pulcher
897 2114 1040 2142 versus
1072 2103 1165 2141 erit:

380 2173 433 2213 τά
466 2176 540 2214 νῦν
569 2175 616 2214 δὲ
646 2172 802 2228 πολλήν
823 2175 1047 2229 τυφεδῶνα
1075 2174 1321 2225 magadam.

152 2247 335 2298 Denique
375 2246 480 2285 inter
509 2246 748 2298 Fragmenta
780 2245 1011 2285 Callimachi
1040 2244 1268 2297 ponendum
1311 2246 1397 2282 erat
1426 2244 1686 2280 monstratum

152 2331 173 2358 a
206 2317 445 2358 Ruhnkenio
475 2317 597 2369 Epist.
644 2317 731 2356 crit.
768 2329 804 2368 p.
845 2315 936 2355 177.
981 2327 1032 2354 ex
1072 2314 1274 2367 Apollonii
1316 2315 1436 2366 Dysc.
1479 2313 1688 2364 Excerptis

148 2402 184 2442 p.
214 2390 309 2430 433.
339 2390 388 2429 A.

1034 2455 1082 2498 ἑὰ
1115 2456 1243 2510 κήδεα
1276 2459 1404 2505 λέξον.

152 2533 247 2573 Erat
275 2532 517 2584 ponendum,
546 2533 732 2584 inquam:
764 2531 935 2570 maxime
966 2531 1014 2570 ab
1047 2543 1112 2579 co,
1145 2531 1210 2582 qui
1244 2529 1319 2569 alia
1345 2541 1425 2568 non
1446 2539 1573 2580 pauca
1600 2526 1685 2567 sola

152 2604 378 2645 Ruhnkenii
411 2604 673 2652 auctoritate,
718 2615 798 2643 non
832 2604 1031 2653 iubentis,
1069 2602 1140 2642 sed
1184 2606 1332 2641 tantum
1375 2600 1605 2648 suadentis,
1646 2602 1687 2637 et

151 2675 333 2716 modeste
367 2674 586 2724 suadentis,
615 2675 652 2713 in
685 2674 867 2714 ordinem
899 2674 1132 2725 recipienda
1164 2674 1355 2713 duxisset.
1414 2673 1542 2722 Nunc,
1571 2674 1685 2723 post..

155 2760 272 2801 quam
304 2746 433 2786 editus
465 2758 487 2785 a
519 2746 703 2786 Bekkero
736 2746 837 2785 liber
872 2746 1073 2798 Apollonii
1107 2747 1155 2785 de
1188 2745 1426 2785 Pronomine
1459 2747 1543 2789 est,
1573 2742 1685 2781 reci-

151 2830 288 2874 perem
319 2818 477 2871 quidem
510 2820 619 2873 illud,
648 2821 682 2860 si
711 2818 807 2860 mihi
837 2818 1074 2874 Fragmenta
1106 2818 1263 2860 edenda
1284 2814 1514 2859 Callimachi
1533 2818 1684 2867 essent,
