1856 3126
774 107 1079 146 -186-

157 227 197 264 et
226 224 380 276 τεύχεα
402 246 448 252 —-
468 224 766 276 πεπαλαγμένα
799 225 943 281 λύθρῳ
960 226 1128 274 Quintus
1157 227 1205 267 Χ.
1237 226 1304 268 60.
1340 227 1392 267 cf.
1423 226 1477 267 id.
1505 225 1572 267 IX.
1598 223 1700 267 147.-

156 296 229 337 XI
249 296 311 337 14
327 294 424 337 473.
453 296 788 347 κοιίστοαιίιΙοιη
806 298 1064 347 CallimachO,
1086 300 1191 352 quod
1212 299 1432 340 Pausaniae
1449 296 1692 350 παλαίστοα

157 367 390 420 Cercyonis.
425 369 716 409 Giammaticus
735 371 913 410 Cr'amOtl
944 371 1098 411 Anecd.
1123 372 1187 412 G1.
1219 371 1307 411 Vol.
1340 371 1398 411 lll
1428 383 1465 423 p.
1498 369 1593 420 412,
1625 369 1690 410 23.

150 435 206 478 Ὃ
247 437 457 490 Κερκυων
501 433 644 487 αδικος
686 437 768 491 ὧν,
813 446 945 482 πάιτα
997 441 1066 482 τὸν
1104 441 1164 496 μὴ
1200 443 1457 495 βουλυμειον
1498 440 1693 481 nami-sav

155 509 273 565 αὕτιιῗ
304 525 371 548 και
403 510 522 550 ιικᾶν
555 510 804 551 (ineman-W
838 512 902 551 ὸιὸ
935 529 1002 553 και
1030 512 1050 553 ὁ
1077 511 1199 562 τόςηο
1231 516 1286 555 ἐν
1316 508 1348 555 11⁷1
1384 511 1481 555 dinei
1515 514 1694 553 natm-

156 576 329 632 στῆριον
351 581 552 621 ἐκαλεῖτο·
583 577 826 637 α’πεκταίθη
861 585 905 624 δὲ
928 583 1206 639 ὑηὸΘησέως
1236 583 1598 631 nummatam-‘hig
1617 598 1692 624 σο-

156 653 247 708 φίᾳ.
278 651 451 692 Ladatur
470 653 682 706 Lycophro
702 668 738 695 v.
755 655 849 695 866.
873 656 909 697 7.
933 652 1020 708 ἥξει
1039 659 1083 698 δὲ
1103 654 1262 710 ταύρου
1278 658 1462 711 (Erycis)
1475 652 1695 710 γυμνάὸας

155 725 401 772 κακοξένους
430 723 564 778 πάλης
596 725 827 779 κονίστρας.
859 727 924 768 ubi
955 739 1057 780 quae
1089 742 1110 769 a
1144 730 1399 770 Bachmanno
1436 728 1695 781 proferuntur

156 798 281 837 verba
312 798 531 839 Eustathii:
563 798 777 840 κονίεσθαι
809 799 889 855 γάρ
923 801 968 842 τὸ
1004 801 1311 854 ἀγωνίζεσθαι,
1353 797 1452 841 ὅθεν
1483 802 1555 839 καί
1584 797 1693 837 κυνί-

159 885 268 922 orna
301 868 322 922 ἦ
352 868 456 911 κατὰ
488 868 562 924 τήν
604 874 869 925 παλαίστραν
897 869 1084 924 μάλιστα
1118 872 1231 925 παρὰ
1267 879 1351 920 τοῖς
1382 869 1581 924 ἶν’στερον,
1629 873 1693 908 aut

158 942 208 981 ad
239 942 546 995 Lycophronem
577 949 786 995 spectant,
830 945 977 985 autad
1019 945 1173 994 locum,
1226 957 1340 995 quem
1386 956 1466 984 non
1515 944 1693 995 ignotum

159 1015 283 1053 fuisse
314 1014 520 1055 Eustathio
557 1016 747 1066 vidimus,
778 1016 1022 1055 Callimachi.
1082 1017 1149 1056 Sic
1181 1028 1296 1067 (luam
1328 1016 1419 1066 atii,
1467 1019 1509 1055 ut
1558 1014 1696 1053 Philo-

157 1090 304 1125 stratus
333 1087 373 1126 in
402 1086 671 1139 Imaginibus,
703 1087 958 1137 palaestram
989 1087 1175 1127 dixerunt
1205 1087 1378 1134 Antaei,
1406 1090 1552 1138 poetae
1583 1086 1696 1125 latini

155 1159 334 1199 nonnulli
382 1159 568 1210 pulveris
611 1160 842 1213 significare
885 1163 1090 1201 mentione
1136 1161 1234 1200 satis
1283 1159 1452 1199 habent:
1518 1157 1694 1197 Gronov.

153 1231 279 1270 Itiatr.
312 1232 352 1270 in
381 1231 475 1271 Stat.
507 1230 571 1271 ΙΙΙ.
608 1233 640 1271 1.
670 1244 705 1284 p.
744 1232 835 1272 143.
894 1233 955 1272 Ac
988 1232 1243 1285 Lycophroni
1281 1232 1456 1272 sortasse
1497 1232 1697 1271 obversa-

154 1302 270 1342 batur
299 1302 563 1342 Callimachus
592 1303 687 1343 illud
718 1304 934 1344 scribenti:
968 1305 1065 1345 satis
1106 1305 1211 1344 inter
1252 1315 1297 1343 se
1338 1303 1481 1343 similia
1522 1303 1696 1351 κακοξὲ-

153 1390 250 1421 πνους
280 1376 498 1428 κονίστρας
532 1380 569 1416 et
599 1374 806 1428 κονίστραι
843 1370 1008 1425 ἄξεινοι.
1043 1370 1187 1423 ἄδικος
1220 1376 1278 1423 εἰς
1308 1374 1405 1423 τοὺς
1433 1376 1573 1424 ξένους
1590 1374 1693 1413 Cer-

156 1457 261 1497 cyon
303 1447 422 1487 etiam
470 1448 690 1488 Pausaniae
732 1448 852 1487 audit.
910 1448 967 1490 Ne
1022 1460 1138 1500 quem
1202 1448 1394 1500 temporis
1450 1445 1691 1500 significatio

155 1519 396 1570 praesentis,
443 1519 732 1573 πεπλήθασιν,
774 1521 877 1560 male
915 1520 1088 1570 habeat,
1127 1522 1342 1561 tenendum
1376 1523 1467 1570 est,
1514 1518 1691 1558 describi

152 1589 312 1640 locum,
343 1591 498 1642 qualem
533 1591 735 1631 accedens
769 1591 819 1632 ad
851 1592 1100 1643 Cercyonem
1127 1591 1282 1631 viderat
1302 1591 1501 1641 Theseus,
1530 1595 1570 1630 et
1598 1602 1692 1630 rur-

153 1674 222 1702 sus
252 1663 408 1714 qualem
438 1664 545 1704 victo
576 1665 786 1717 Cercyone
815 1665 1054 1716 reliquerat:
1097 1664 1166 1703 ubi
1197 1664 1451 1717 (etiamnum)
1476 1663 1692 1715 palaestra

153 1734 408 1785 inhospitalis
438 1736 560 1776 caede
590 1740 628 1775 et
657 1736 852 1788 sanquine
889 1736 1028 1776 horret
1053 1750 1103 1776 ac
1130 1736 1285 1787 repleta
1321 1741 1392 1776 est.
1427 1735 1582 1778 scilicet
1611 1734 1692 1775 ho-

154 1808 297 1859 spitum
326 1819 496 1860 cruore,
528 1820 628 1862 quos
673 1810 724 1849 ad
766 1810 992 1850 luctandum
1025 1810 1209 1862 Cercyon
1239 1820 1390 1862 cogere
1434 1808 1611 1855 invitos,
1650 1809 1691 1845 et

152 1885 363 1933 postquam
391 1881 577 1933 vicisset,
620 1882 811 1922 occidere
842 1883 1011 1923 solebat.
1070 1883 1168 1923 Nam
1209 1882 1262 1923 ita
1293 1881 1370 1922 hoc
1411 1878 1689 1932 accipiendum

152 1952 260 1993 haud
291 1952 424 1993 dubie.
452 1958 493 1994 ut
520 1966 603 1994 non
630 1967 797 2007 prorsus
826 1960 937 1995 recte
966 1955 1099 1997 Schol.
1130 1956 1280 1995 Platon.
1313 1966 1351 2007 p.
1383 1953 1476 1996 229.
1511 1952 1688 1993 scribat:

153 2017 273 2072 οὗτος
303 2022 384 2077 γὰρ
413 2024 510 2073 τούς
542 2023 771 2079 παριόντας
817 2024 1027 2080 ἠνάγκαζε
1067 2029 1286 2077 παλαίειν,
1328 2026 1401 2065 καί
1439 2026 1690 2064 παλαίων

154 2094 314 2151 α’νῄρει.
373 2097 431 2136 Cf.
463 2098 751 2139 Grammaticus
783 2100 959 2139 Crameri
989 2099 1013 2138 l.
1043 2099 1067 2142 l.
1127 2100 1291 2140 Scilicet
1325 2099 1364 2137 in
1395 2108 1444 2136 eo
1475 2094 1687 2135 ludibrium

153 2167 353 2219 quoddam
374 2170 542 2221 positum
575 2175 661 2210 erat
688 2171 898 2212 luctatoris
931 2171 1217 2220 crudelissimi,
1250 2169 1356 2222 quod
1384 2179 1520 2220 parem
1551 2166 1687 2206 facere

153 2239 425 2281 conditionem
445 2242 619 2294 victique
641 2247 682 2282 ut
702 2243 809 2284 haud
833 2244 976 2284 iniuria
1000 2245 1103 2284 mori
1125 2242 1370 2284 viderentur.
1430 2239 1538 2279 ldem
1556 2238 1687 2290 paullo

152 2316 243 2352 ante
273 2316 574 2355 commemorati
604 2315 746 2368 Erycis
794 2328 881 2356 mos
926 2315 1016 2369 suit,
1055 2321 1094 2356 et
1139 2315 1307 2366 Amyci:
1355 2324 1591 2364 quamquam
1636 2311 1688 2350 de

148 2397 302 2437 genere
337 2387 565 2426 certaminis
602 2386 761 2428 diversa
794 2388 1014 2430 traduntur.
1071 2388 1282 2429 Recordor
1309 2399 1360 2426 ex
1390 2385 1557 2439 Virgilio
1591 2383 1688 2423 Caci

149 2456 316 2498 latronis
346 2470 427 2498 non
457 2459 721 2513 palaestram,
752 2461 825 2500 sed
857 2461 1086 2513 speluncam
1117 2460 1222 2500 Solis
1254 2460 1508 2499 inaccessam
1531 2455 1687 2496 radiis.-

149 2539 387 2580 semperque
405 2531 558 2570 recenti
574 2530 707 2570 Caede
725 2531 885 2583 tepebat
902 2532 1056 2583 humus,
1086 2531 1323 2583 foribusque
1341 2530 1479 2582 adfixa
1497 2527 1685 2580 superbis

151 2596 240 2639 Ora
269 2600 402 2639 virum
431 2600 536 2640 tristi
561 2601 790 2652 pendebam
826 2602 984 2653 pallida,
1030 2602 1136 2642 tabo.
1196 2603 1307 2649 Quae
1339 2613 1477 2642 rursus
1522 2601 1683 2651 imago,

149 2671 278 2721 capita
309 2672 427 2712 astixa
460 2672 632 2724 foribus,
660 2674 856 2714 Antaeum
887 2674 1045 2714 Pindari
1077 2674 1211 2714 lsthm.
1242 2673 1304 2713 IV.
1352 2673 1417 2714 92.
1465 2673 1550 2720 (ΙΙΙ.
1592 2671 1683 2720 72.)

149 2745 188 2780 et
223 2749 558 2784 commemoratos
594 2745 650 2784 ibi
685 2746 724 2784 in
755 2745 920 2785 scholiis
969 2746 1203 2786 Diomedem
1242 2746 1460 2795 Thracem,
1502 2743 1681 2784 Evenum

145 2812 419 2866 BacchylidiS,
454 2816 700 2857 Oenomaum
731 2817 966 2870 Sophoclis,
1008 2823 1047 2858 ct
1090 2819 1222 2859 Nonni
1264 2817 1379 2858 locos
1423 2817 1464 2856 in
1507 2819 1680 2856 mentem
