1856 3126
752 133 1032 171 ,49-

129 249 252 289 l'uissc
280 247 501 298 eademque
531 247 669 300 Elegia
702 250 887 297 coniicit3
920 249 963 289 E.
999 249 1229 290 Gerhardus
1257 250 1366 290 Lect.
1401 248 1652 301 Apollonian.

127 332 162 372 p.
195 320 234 360 6.
264 319 437 359 fortasse
467 317 567 358 lbidi
597 329 690 358 esse
718 319 999 360 vindicandum
1022 322 1173 361 scribit.
1207 321 1351 369 Quidni
1367 321 1542 361 Hecatae
1561 323 1655 361 vin—

126 391 314 430 dicetur?
369 390 436 430 ubi
477 390 735 430 adversarios
775 391 985 442 tranquilla
1036 393 1382 443 argumentatione
1427 393 1655 434 confutatos

125 467 243 514 poeta
289 462 462 503 fortasse
503 462 579 502 hac
619 462 912 502 vehementiori
960 463 1267 515 compellatione
1311 465 1476 504 dimisit:
1516 462 1657 506 ἔλλετε

123 537 351 587 βασκανιής
378 532 498 574 ὀλοὸν
527 535 656 586 γένος.
715 532 852 576 ἔλλετε
882 537 968 575 iure
994 536 1160 576 miratur
1188 535 1475 576 Valckenarius
1502 549 1538 589 p.
1561 537 1655 578 282.

124 606 197 645 sed
237 605 383 657 placuit
424 606 477 645 ita
518 605 774 646 Callimacho.
844 607 1022 647 Alterum
1066 604 1206 648 ἔλλετε
1243 609 1283 647 in
1323 608 1480 660 Fragm.
1517 608 1654 649 CXXI.

124 677 249 716 fertur
280 689 330 716 ex
358 678 640 718 emendatione
674 679 855 727 Bentleii,
887 680 1105 731 approbata
1136 679 1216 729 illa,
1247 679 1319 719 sed
1350 679 1426 719 alia
1447 680 1656 732 significa-

123 749 248 798 tione,
285 753 325 788 ut
355 749 394 788 in
425 749 572 788 bonam
601 754 755 801 partem
787 751 931 790 dictum
965 752 1038 801 sit,
1070 751 1387 791 HemsterhusiO.
1448 752 1504 792 lbi
1533 753 1654 806 vulgo

122 820 161 859 in
194 819 330 860 Schol.
360 820 519 860 Pindari
557 820 668 860 Nem.
699 821 761 861 tv.
795 821 856 860 10.
900 822 1049 860 έλλᾶτε
1088 821 1269 861 habetur.
1329 822 1404 861 Pro
1447 833 1524 874 quo
1558 821 1656 861 Val-

122 889 335 930 ckenarius
365 888 441 931 siff>
474 884 549 942 ἄγε
582 890 722 941 dabat3
752 891 1039 932 Wakefieldius
1071 897 1109 931 et
1138 892 1361 942 Porsonus,
1391 893 1498 945 quod
1532 893 1655 934 Bois-

123 961 294 1001 sonadio
326 963 366 1001 in
410 962 534 1002 nitido
565 975 638 1003 suo
677 963 920 1003 Callimacho
957 964 1080 1004 Paris.
1124 964 1241 1004 12524.
1282 976 1318 1016 p.
1353 964 1445 1004 200.
1487 970 1527 1005 et
1558 965 1654 1006 mihi

121 1033 332 1084 probatur,
366 1034 485 1074 ἴλατέ
513 1050 601 1075 νυν.

229 1105 288 1144 De
320 1106 541 1146 eorundem
567 1107 890 1147 adversariorum
921 1106 1199 1146 maledicentia
1222 1108 1407 1160 accipere
1438 1108 1531 1149 licet
1552 1110 1652 1150 Fra-

118 1181 323 1228 gmentum
355 1177 512 1217 CCLlII.

389 1249 540 1301 κηκάὸι
571 1249 649 1289 σὺν
680 1248 860 1305 γλώσσῃ.

117 1319 197 1360 Sed
226 1319 305 1359 hoc
334 1319 430 1371 ubi,
471 1326 510 1360 et
543 1321 593 1360 de
625 1333 704 1373 quo
737 1321 907 1371 dictum,
952 1326 1031 1361 tam
1073 1322 1217 1361 multos
1257 1323 1494 1375 excogitare
1535 1323 1651 1363 locos

116 1393 438 1443 occasionesque
475 1394 634 1444 possis,
667 1398 708 1433 ut
740 1394 1010 1446 periculosum
1042 1395 1092 1433 sit
1131 1406 1251 1434 unum
1283 1395 1387 1434 velle
1424 1401 1650 1436 monstrare

114 1465 260 1515 locum,
292 1465 331 1504 in
362 1476 439 1516 quo
469 1466 519 1504 sit
548 1465 706 1506 (lictum.
776 1465 848 1505 Est
881 1465 976 1506 illud
1017 1467 1136 1506 etiam
1174 1468 1214 1506 in
1258 1466 1428 1520 Etymol.
1465 1468 1650 1510 Gudiano

112 1549 149 1589 p.
174 1537 271 1577 319.
301 1538 354 1576 ita
385 1538 599 1589 scriptum:
627 1536 806 1591 κηκάὸος
838 1539 881 1579 ἐν
909 1536 1088 1593 γλώσσῃ.

226 1607 365 1647 Dicam
397 1608 473 1648 hac
507 1609 801 1660 opportunitate
832 1609 882 1648 de
910 1609 1151 1661 Fragmento
1184 1610 1344 1650 CCCVI.

477 1678 550 1720 τὸν
580 1683 622 1721 ἐν
651 1681 831 1720 Δωὸῶνι
861 1683 1103 1732 λελεγμένον
1132 1677 1283 1722 οὕνεκα
1312 1682 1472 1734 χαλκὸν

340 1745 530 1804 ἦγειρονε

111 1822 347 1862 sententiam
376 1836 518 1863 meam.
577 1825 637 1864 De
668 1835 718 1864 eo
749 1824 931 1876 praclare
964 1826 1105 1864 meruit
1127 1824 1328 1864 Bentleius
1359 1829 1438 1865 turn
1472 1824 1644 1866 feliciter

109 1895 294 1934 restituto
323 1898 567 1947 λελεγμένον
597 1907 668 1948 pro
688 1896 858 1951 α’μέτρῳ
889 1897 964 1935 isto
996 1894 1228 1947 λεγόμενον,
1255 1896 1362 1948 quod
1384 1897 1424 1936 in
1439 1897 1642 1950 Stephano

106 1965 178 2005 Ms.
211 1965 297 2016 tuit,
328 1970 408 2006 tum
435 1968 607 2006 maxime
638 1968 967 2019 interpretatione
1001 1967 1132 2007 addita
1155 1968 1258 2007 hac:
1285 1968 1446 2007 Dictum
1475 1968 1517 2007 in
1542 1981 1643 2021 yar-

107 2037 239 2076 rutum
265 2038 473 2090 quendam,
504 2038 571 2089 qui
601 2038 657 2078 ad
685 2039 893 2078 dicendum
916 2044 1169 2089 provocatus
1196 2051 1401 2090 nunquam
1429 2040 1546 2091 finem
1571 2041 1645 2092 fa·-

106 2121 198 2148 cere
222 2110 366 2160 potuit.
425 2109 543 2150 Addo
576 2110 782 2163 equidem:
814 2113 852 2150 in
877 2111 1079 2163 garrulum
1110 2111 1324 2164 quendam,
1356 2111 1642 2152 adversarium

110 2180 356 2221 Callimachi.
434 2181 477 2221 ln
524 2183 742 2234 proverbio
791 2183 947 2223 versari
992 2182 1124 2222 locum
1163 2183 1392 2222 Callimachi
1437 2184 1640 2224 Bentleius

109 2257 306 2303 senserat,
339 2255 513 2293 fortasse
540 2254 694 2295 Erasmi
724 2256 763 2295 in
797 2255 943 2308 adagio
964 2256 1228 2295 Dodonaeum
1246 2267 1331 2303 aes,
1363 2256 1435 2295 sed
1468 2257 1638 2295 maxime

108 2323 297 2375 Stephani
326 2336 493 2376 memor,
526 2326 592 2378 qui
623 2327 663 2366 in
692 2326 771 2366 hoc
801 2328 888 2379 ipso
922 2328 1053 2379 capite
1085 2327 1135 2366 de
1166 2327 1338 2367 Dodona
1370 2327 1431 2366 bis
1462 2327 1639 2366 meminit

108 2397 332 2448 proverbii:
362 2393 487 2440 ’Ἐστι
519 2399 566 2438 δὲ
599 2399 672 2439 καί
700 2399 958 2440 Δωδωναῖον
989 2400 1164 2450 χαλκιόν
1206 2402 1414 2451 παροιμία
1448 2397 1518 2438 ἐπὶ
1557 2390 1639 2438 τῶν

108 2468 240 2509 πολλὰ
272 2468 533 2521 λαλούντων,
567 2468 623 2517 ὥς
662 2472 739 2521 μὲν
770 2469 789 2510 ὁ
821 2469 982 2523 Δήμων
1016 2471 1167 2524 φησίν·
1203 2495 1257 2502 -—
1287 2475 1326 2510 et
1359 2470 1491 2521 paullo
1520 2474 1636 2522 post:

109 2567 162 2572 —
189 2540 356 2587 εἰκότως
388 2542 448 2587 εἰς
476 2543 708 2594 παροιμίαν
737 2543 1002 2593 παρεγένετο.
1050 2544 1256 2592 μέμνηται
1297 2540 1428 2592 αὐτῆς
1463 2542 1637 2581 Μέναν-

109 2616 208 2667 δρος
241 2614 284 2654 ἐν
307 2609 576 2669 Ἀᾆρηφόρῳ
618 2621 676 2665 (p.
709 2614 771 2654 27.
805 2614 867 2653 ed.
905 2613 1124 2659 Meinek.)·
1171 2609 1273 2652 Ἐάν
1305 2613 1350 2652 δὲ
1380 2609 1524 2667 κινήσῃ
1558 2617 1634 2652 etc.

108 2687 166 2726 Ne
200 2687 285 2738 quis
327 2689 457 2725 autem
488 2684 673 2730 miretur,
706 2684 812 2735 quod
842 2683 1049 2722 Menandri
1080 2684 1136 2721 uti
1177 2683 1414 2721 auctoritate
1445 2682 1493 2721 ad
1528 2694 1638 2722 con-

109 2758 343 2797 firmandum
372 2756 628 2808 proverbium
657 2755 881 2806 Stephanus
910 2754 1091 2793 maluerit
1115 2765 1230 2805 quam
1249 2750 1494 2805 Callimachi,
1523 2750 1636 2795 cuius

109 2832 195 2882 ipse
238 2829 360 2869 verba
392 2828 526 2878 haec,
555 2826 629 2867 τὸν
668 2825 712 2866 ἐν
752 2825 932 2867 Δωὸῶνι
972 2851 1026 2857 -
1059 2820 1254 2879 ἤγειρον,
1301 2824 1394 2864 loco
1427 2825 1636 2876 superiore

222 2911 348 2944 Naekt'i
373 2911 491 2955 Opusc.
524 2909 565 2943 ll.
1339 2896 1367 2935 4
