1820 3141
783 161 1054 198 ,10-

163 274 206 312 ut
233 272 272 312 h.
303 272 343 312 in
370 272 457 312 Del.
490 274 579 314 252.
611 279 743 315 motae
771 288 793 316 a
815 276 1077 317 Valckenario
1108 281 1225 331 atque
1243 275 1429 317 Ernestio
1456 274 1675 326 suspicioni

163 344 433 385 occurendum
461 351 522 386 est
558 347 638 387 leni
670 349 990 401 interpunctione
1017 355 1107 403 post
1148 351 1286 404 λοχείῃ
1317 347 1532 389 inserenda
1550 377 1562 398 ‚
1592 347 1673 387 ita:

162 441 216 447 —
246 412 384 456 κύκνοι
414 416 459 457 δὲ
491 415 593 458 θεὸν
627 417 849 469 μέλποντες
882 420 1007 477 ἀοιδῇ
1038 420 1160 472 (θεὸν
1190 446 1244 453 -
1274 421 1466 474 αόιὸαἷς,
1506 419 1568 461 vel
1597 431 1676 473 po-

166 488 242 527 tius
273 487 423 542 ᾰοιδῇ,
449 489 674 530 emendatio
707 490 980 543 Ruhnkenii)‚

325 558 523 614 Μῃόνιον
551 561 783 603 Πακτωλὸν
813 562 1101 605 ἐκυκλώσαντο
1131 560 1320 611 λιπόντες

326 626 552 683 &woicam
578 636 676 684 περὶ
706 637 872 688 Δῆλον,
903 634 1103 689 ε’πήεισαν
1137 636 1183 676 δὲ
1212 637 1380 691 λοχείῃ,

328 702 550 744 Movoa'wv
583 700 775 758 ὄρνιθες,
807 706 1042 748 αόιδότατοι
1073 707 1292 760 πετεηνῶν.

165 773 239 820 Qui
267 785 372 814 nune
399 775 494 815 mihi
536 776 773 818 obversatur
803 778 943 830 loeus,
977 779 1053 819 alia
1082 791 1127 819 re
1156 777 1423 820 memorabilis
1466 781 1539 818 est.
1606 777 1678 817 Est

163 850 295 886 autem
324 845 418 897 hie,
447 846 484 887 h.
514 849 554 888 in
583 848 670 888 Cer.
700 851 738 890 8,
769 862 854 902 sqq.
890 875 943 884 --

318 913 551 972 (Ἕσπερος,
584 916 680 962 ὅστε
711 927 819 962 πιεῖν
848 923 1081 975 Δαμάτερα
1107 925 1244 975 μιόνος
1271 921 1449 974 ἔπεισεν,

327 987 568 1043 ἁρπαγίμας
598 990 655 1033 ὅκ’
686 988 851 1035 ἆπυστα
881 998 1123 1047 μετέστιχεν
1155 992 1270 1047 ἴχνια
1304 994 1455 1046 κώρας.

209 1063 271 1102 10.
329 1061 516 1113 Πότνια,
548 1065 635 1110 πῶς
667 1077 713 1104 σε
743 1065 916 1105 δύναντο
950 1064 1074 1112 πόδες
1104 1066 1230 1119 φέρεν
1258 1061 1340 1104 ἔστ’
1367 1065 1438 1104 ε’πί
1462 1063 1652 1116 δυθμάς,

330 1130 415 1173 ἔστ’
441 1131 511 1172 ἑπί
538 1131 618 1180 τώς
644 1136 854 1186 μέλανας,
885 1133 956 1174 καί
982 1131 1064 1174 ὅπα
1094 1133 1144 1175 τά
1174 1134 1337 1190 χρύσεα
1365 1138 1509 1187 μᾶλας

329 1204 381 1244 ου’
409 1205 529 1257 πιές,
565 1200 649 1245 οὔτ’
678 1199 745 1259 ἄρ’
775 1203 866 1254 ἔδες
895 1208 1012 1261 τῆνον
1038 1205 1217 1259 χρόνον,
1249 1206 1342 1247 οόδ’
1369 1207 1563 1250 ε’λοέσσω.

329 1273 419 1329 τρῖς
445 1277 523 1327 μὲν
551 1274 600 1329 δὴ
629 1278 769 1331 ὅιέβης
791 1274 1022 1330 Ἀχελώϊον
1054 1274 1356 1332 α’ργυροὸίναν,

329 1344 504 1388 τοσσάκι
533 1347 571 1388 ‹5‘
593 1345 753 1389 ἀενάων
783 1352 981 1402 ποταμῶν
1013 1349 1221 1403 ἑπεράσας
1251 1351 1439 1402 ἕκαστον,

207 1421 269 1460 15.
329 1417 434 1472 [τρῖς
463 1420 500 1459 δ’
529 1418 600 1460 ἐπὶ
624 1423 845 1475 καλλίστης
875 1422 1006 1475 νήσου
1039 1421 1197 1475 ὃράμες
1228 1420 1423 1477 ὀμφαλὸν
1446 1418 1633 1476 ”Ενναν,]

329 1492 418 1543 τρίς
451 1492 490 1532 ‹5’
516 1488 588 1532 ἐπί
615 1489 867 1548 καλλι[χόρῳ
895 1491 1082 1544 χαμάδις
1111 1489 1343 1532 ἐκαθίσσαο
1372 1492 1529 1547 φρητι’,]

337 1563 570 1616 adoranda,
602 1559 756 1611 ἄποτός
786 1578 844 1603 τε·
878 1562 950 1603 καί
976 1559 1024 1603 οὖ
1058 1564 1199 1619 φάγες,
1232 1564 1322 1604 οὐδ’
1352 1564 1545 1605 ἑλοέσσω.

328 1633 385 1688 μή
416 1633 470 1688 μὴ
502 1635 636 1674 ταῦτα
663 1638 869 1688 λέγωμες,
899 1640 975 1675 cte.

168 1709 211 1749 In
240 1707 301 1747 his
338 1707 444 1760 quod
483 1707 585 1746 male
617 1706 752 1747 habuit
779 1707 1079 1759 Ruhnkeniun½
1114 1719 1196 1747 non
1228 1707 1294 1748 diu
1335 1718 1411 1748 nos
1449 1708 1680 1749 morabitur.

171 1782 239 1822 llle
272 1782 389 1822 obelo
423 1779 732 1821 confodiendum
762 1791 854 1819 esse
889 1791 1047 1819 versum
1083 1780 1144 1820 12.
1175 1779 1228 1819 ου’
1255 1781 1345 1826 πιές
1384 1772 1464 1819 οὔτ’
1495 1771 1563 1830 ἄρ’
1591 1777 1683 1827 ἔὸες

166 1856 288 1907 τῆνον
306 1852 469 1908 χρόνον,
498 1848 589 1893 οὐδ’
608 1853 800 1903 ἐλοέσσω,
826 1852 863 1891 εἰ
889 1864 1035 1891 versus
1064 1851 1252 1892 dicendus
1274 1852 1324 1890 sit
1339 1850 1511 1902 puerilis
1529 1852 1680 1903 ῃίοεεα,

168 1924 340 1978 marqinc'
380 1924 473 1964 olim
511 1923 720 1974 adscripta
765 1923 819 1963 ad
858 1923 1200 1974 interpretandum
1245 1933 1305 1962 vs.
1340 1922 1405 1962 17.
1448 1920 1678 1973 αὕσταλέα,

167 1991 317 2045 ἅποτός
345 2011 404 2037 τε·
435 1995 506 2037 καί
531 1995 583 2035 ου’
613 1995 754 2050 φάγες,
785 1994 877 2035 οὐδ’
907 1996 1100 2047 ε’λοέσσω,
1131 1995 1378 2047 pronunciat.
1435 1994 1570 2046 Immo,
1600 1994 1681 2034 bo-

167 2081 243 2109 nus
271 2081 426 2109 versus.
483 2068 602 2108 Poeta
631 2072 839 2120 postquam
869 2081 905 2107 v.
934 2068 994 2108 10.
1025 2069 1084 2108 11.
1115 2067 1290 2108 breviter
1321 2065 1533 2118 descripsit
1561 2078 1680 2106 erro-

166 2152 233 2181 res
267 2139 444 2179 Cereris:
490 2138 541 2177 ov’
573 2139 684 2189 πιές,
726 2138 860 2187 addit,
901 2133 987 2179 οὔτ’
1016 2132 1083 2191 ἄρ’
1114 2135 1204 2186 ἔὸες
1231 2140 1353 2192 τῆνον
1377 2136 1556 2191 χρόνον,
1589 2139 1679 2178 οὐδ’

168 2210 364 2253 ἐλοὲσσω.
424 2211 578 2252 Deinde
607 2213 830 2252 accuratius
863 2211 1020 2251 definita
1050 2212 1234 2252 itinerum
1255 2210 1412 2250 Cereris
1431 2210 1678 2264 longitudine

168 2283 262 2323 illud
290 2284 430 2323 iterum
453 2284 656 2323 confirmat
677 2288 794 2336 atque
822 2283 1005 2334 inculcat,
1031 2283 1082 2323 ad
1111 2283 1332 2337 augendam
1364 2282 1680 2332 admirationem,

169 2356 305 2396 verbis
337 2366 438 2408 quae
467 2356 606 2406 partim
637 2355 800 2407 similia,
828 2359 871 2395 ut
900 2354 1025 2406 solet,
1055 2355 1256 2407 prioribus
1297 2354 1410 2394 facit:
1451 2352 1679 2405 αὖσταλέα,

171 2420 328 2473 ἄηοτός
355 2438 411 2465 τε·
443 2411 517 2464 ..ac
544 2424 591 2465 οὐ
623 2424 768 2479 φάγες,
799 2425 888 2465 ovu‘
921 2425 1113 2466 ἑλοέσσω.
1170 2425 1409 2466 Brunckium
1441 2425 1584 2476 miror,
1613 2424 1680 2476 qui

171 2507 311 2536 versus
340 2509 362 2536 a
382 2496 618 2537 Ruhnkenio
649 2498 689 2536 in
714 2495 997 2536 dubitationem
1025 2497 1219 2537 adductos
1239 2498 1414 2550 reliquos
1431 2497 1491 2546 (h.
1513 2497 1597 2538 Iov.
1612 2497 1680 2537 55.

171 2567 212 2608 h.
244 2568 372 2620 Apoll.
403 2567 470 2610 44.
501 2569 566 2610 64.
597 2569 636 2610 h.
667 2569 756 2609 Del.
778 2566 866 2609 147.
895 2569 934 2608 h.
961 2569 1048 2609 Cer.
1070 2569 1159 2619 72.)
1189 2575 1299 2610 reete
1331 2570 1607 2619 conservavit,
1640 2571 1680 2608 at

174 2640 328 2682 duobus
357 2641 398 2681 in
427 2642 543 2691 locis,
572 2643 666 2682 Lav.
690 2642 728 2681 P.
748 2642 813 2681 73.
833 2641 899 2682 74.
931 2646 971 2682 et
1000 2642 1066 2682 hie
1095 2641 1133 2682 h.
1155 2642 1243 2683 Cer.
1266 2643 1328 2683 12.
1360 2640 1610 2692 Ruhnkenio‚
1640 2643 1680 2679 et

171 2711 213 2751 in
242 2711 281 2751 h.
312 2713 398 2753 Del.
421 2714 512 2753 252.
545 2714 808 2754 Valckenario
840 2713 1137 2766 obtemperavit.
1251 2715 1366 2763 Quod
1399 2713 1563 2754 alterum
1587 2722 1679 2751 me—

173 2783 368 2824 morabile
398 2784 493 2831 dixi,
523 2785 697 2824 nondum
727 2785 992 2835 observatum,
1023 2785 1128 2837 quod
1156 2786 1296 2836 sciam,
1327 2785 1376 2824 ab
1408 2783 1503 2834 alio,
1532 2782 1572 2822 id
1599 2794 1680 2821 nu-

175 2867 246 2909 per
275 2855 512 2910 publicatum
542 2868 564 2896 a
592 2856 745 2897 Klotzio
776 2858 817 2898 in
857 2869 928 2898 sua
959 2857 1171 2899 Clementis
1200 2855 1461 2899 Alexandrini
1500 2854 1677 2897 editione
