<?xml version="1.0" encoding="UTF-8"?>
<!DOCTYPE html PUBLIC "-//W3C//DTD XHTML 1.0 Transitional//EN"
    "http://www.w3.org/TR/xhtml1/DTD/xhtml1-transitional.dtd">
<html xmlns="http://www.w3.org/1999/xhtml" xml:lang="en" lang="en">
 <head>
  <title>
</title>
<meta http-equiv="Content-Type" content="text/html;charset=utf-8" />
  <meta name='ocr-system' content='tesseract 3.04.00' />
  <meta name='ocr-capabilities' content='ocr_page ocr_carea ocr_par ocr_line ocrx_word'/>
</head>
<body>
  <div class='ocr_page' id='page_1' title='image "./opusculaphilolog02naekuoft_0216.png"; bbox 0 0 1856 3126; ppageno 0'>
   <div class='ocr_carea' id='block_1_1' title="bbox 763 140 1066 176">
    <p class='ocr_par' dir='ltr' id='par_1_1' title="bbox 763 140 1066 176">
     <span class='ocr_line' id='line_1_1' title="bbox 763 140 1066 176; baseline -0.003 0"><span class='ocrx_word' id='word_1_1' title='bbox 763 140 1066 176; x_wconf 72' lang='lat'><strong>-206-</strong></span> 
     </span>
    </p>
   </div>
   <div class='ocr_carea' id='block_1_2' title="bbox 156 252 1682 2915">
    <p class='ocr_par' dir='ltr' id='par_1_2' title="bbox 156 252 1682 2846">
     <span class='ocr_line' id='line_1_2' title="bbox 160 252 1673 311; baseline -0.007 -8"><span class='ocrx_word' id='word_1_2' title='bbox 160 267 249 311; x_wconf 78' lang='lat' dir='ltr'>rat,</span> <span class='ocrx_word' id='word_1_3' title='bbox 279 259 404 300; x_wconf 68' lang='lat' dir='ltr'>libens</span> <span class='ocrx_word' id='word_1_4' title='bbox 440 257 601 310; x_wconf 74' lang='lat' dir='ltr'>aynorit</span> <span class='ocrx_word' id='word_1_5' title='bbox 630 257 777 309; x_wconf 72' lang='lat' dir='ltr'>filium,</span> <span class='ocrx_word' id='word_1_6' title='bbox 813 260 850 296; x_wconf 82' lang='lat' dir='ltr'>et</span> <span class='ocrx_word' id='word_1_7' title='bbox 885 256 1087 305; x_wconf 75' lang='lat' dir='ltr'>Medeam,</span> <span class='ocrx_word' id='word_1_8' title='bbox 1125 264 1227 306; x_wconf 80' lang='lat' dir='ltr'>quae</span> <span class='ocrx_word' id='word_1_9' title='bbox 1264 255 1401 307; x_wconf 71' lang='lat' dir='ltr'>fuerat</span> <span class='ocrx_word' id='word_1_10' title='bbox 1435 252 1673 293; x_wconf 75' lang='lat' dir='ltr'>insidiarum</span> 
     </span>
     <span class='ocr_line' id='line_1_3' title="bbox 161 325 1671 383; baseline -0.007 -9"><span class='ocrx_word' id='word_1_11' title='bbox 161 345 315 381; x_wconf 63' lang='lat' dir='ltr'>caasa,</span> <span class='ocrx_word' id='word_1_12' title='bbox 356 331 574 383; x_wconf 65' lang='lat' dir='ltr'>prosapiei-e</span> <span class='ocrx_word' id='word_1_13' title='bbox 624 329 760 381; x_wconf 62' lang='lat' dir='ltr'>coepit.</span> <span class='ocrx_word' id='word_1_14' title='bbox 835 328 894 368; x_wconf 85' lang='lat' dir='ltr'>Ex</span> <span class='ocrx_word' id='word_1_15' title='bbox 943 340 1017 381; x_wconf 84' lang='lat' dir='ltr'>qua</span> <span class='ocrx_word' id='word_1_16' title='bbox 1065 327 1381 366; x_wconf 75' lang='lat' dir='ltr'>conformatione</span> <span class='ocrx_word' id='word_1_17' title='bbox 1431 325 1587 365; x_wconf 84' lang='lat' dir='ltr'>l&#39;abulae</span> <span class='ocrx_word' id='word_1_18' title='bbox 1632 327 1671 364; x_wconf 92' lang='lat' dir='ltr'>in</span> 
     </span>
     <span class='ocr_line' id='line_1_4' title="bbox 157 397 1672 454; baseline -0.007 -8"><span class='ocrx_word' id='word_1_19' title='bbox 157 406 428 448; x_wconf 71' lang='lat' dir='ltr'>narrationem</span> <span class='ocrx_word' id='word_1_20' title='bbox 470 402 638 443; x_wconf 89' lang='lat' dir='ltr'>Diodori</span> <span class='ocrx_word' id='word_1_21' title='bbox 683 402 773 441; x_wconf 87' lang='lat' dir='ltr'>illud</span> <span class='ocrx_word' id='word_1_22' title='bbox 820 413 841 440; x_wconf 90' lang='lat' dir='ltr'>a</span> <span class='ocrx_word' id='word_1_23' title='bbox 881 413 943 440; x_wconf 91' lang='lat' dir='ltr'>me</span> <span class='ocrx_word' id='word_1_24' title='bbox 985 401 1077 454; x_wconf 87' lang='lat' dir='ltr'>Cap.</span> <span class='ocrx_word' id='word_1_25' title='bbox 1118 400 1181 440; x_wconf 83' lang='lat' dir='ltr'>lX.</span> <span class='ocrx_word' id='word_1_26' title='bbox 1224 403 1468 448; x_wconf 86' lang='lat' dir='ltr'>annotatum,</span> <span class='ocrx_word' id='word_1_27' title='bbox 1518 397 1672 438; x_wconf 88' lang='lat' dir='ltr'>Plutar-</span> 
     </span>
     <span class='ocr_line' id='line_1_5' title="bbox 157 470 1673 529; baseline -0.006 -11"><span class='ocrx_word' id='word_1_28' title='bbox 157 479 258 529; x_wconf 68' lang='lat' dir='ltr'>cho,</span> <span class='ocrx_word' id='word_1_29' title='bbox 290 488 458 529; x_wconf 91' lang='lat' dir='ltr'>quocum</span> <span class='ocrx_word' id='word_1_30' title='bbox 489 475 526 515; x_wconf 89' lang='lat' dir='ltr'>in</span> <span class='ocrx_word' id='word_1_31' title='bbox 562 475 733 514; x_wconf 89' lang='lat' dir='ltr'>caeteris</span> <span class='ocrx_word' id='word_1_32' title='bbox 765 474 951 514; x_wconf 77' lang='lat' dir='ltr'>convenit</span> <span class='ocrx_word' id='word_1_33' title='bbox 982 473 1190 522; x_wconf 90' lang='lat' dir='ltr'>Diodoro,</span> <span class='ocrx_word' id='word_1_34' title='bbox 1230 472 1469 511; x_wconf 88' lang='lat' dir='ltr'>contrarium</span> <span class='ocrx_word' id='word_1_35' title='bbox 1509 470 1673 510; x_wconf 81' lang='lat' dir='ltr'>fluxisse</span> 
     </span>
     <span class='ocr_line' id='line_1_6' title="bbox 159 543 1672 598; baseline -0.005 -9"><span class='ocrx_word' id='word_1_36' title='bbox 159 551 334 591; x_wconf 79' lang='lat' dir='ltr'><strong>dixeris:</strong></span> <span class='ocrx_word' id='word_1_37' title='bbox 372 547 611 588; x_wconf 83' lang='lat' dir='ltr'>immolatum</span> <span class='ocrx_word' id='word_1_38' title='bbox 646 551 796 586; x_wconf 87' lang='lat' dir='ltr'>taurum</span> <span class='ocrx_word' id='word_1_39' title='bbox 829 546 876 585; x_wconf 89' lang='lat' dir='ltr'>ab</span> <span class='ocrx_word' id='word_1_40' title='bbox 908 547 1049 598; x_wconf 86' lang='lat' dir='ltr'>Aegeo</span> <span class='ocrx_word' id='word_1_41' title='bbox 1090 556 1205 594; x_wconf 91' lang='lat' dir='ltr'>esse,</span> <span class='ocrx_word' id='word_1_42' title='bbox 1234 555 1313 583; x_wconf 93' lang='lat' dir='ltr'>non</span> <span class='ocrx_word' id='word_1_43' title='bbox 1347 556 1369 583; x_wconf 87' lang='lat' dir='ltr'>a</span> <span class='ocrx_word' id='word_1_44' title='bbox 1408 543 1595 593; x_wconf 88' lang='lat' dir='ltr'>Theseo,</span> <span class='ocrx_word' id='word_1_45' title='bbox 1629 545 1672 593; x_wconf 72' lang='lat' dir='ltr'>ut</span> 
     </span>
     <span class='ocr_line' id='line_1_7' title="bbox 159 614 1675 668; baseline -0.006 -5"><span class='ocrx_word' id='word_1_46' title='bbox 159 621 389 664; x_wconf 79' lang='lat' dir='ltr'>Plutarchus</span> <span class='ocrx_word' id='word_1_47' title='bbox 420 624 459 660; x_wconf 89' lang='lat' dir='ltr'>et</span> <span class='ocrx_word' id='word_1_48' title='bbox 486 619 713 659; x_wconf 78' lang='lat' dir='ltr'>Pausanias.</span> <span class='ocrx_word' id='word_1_49' title='bbox 771 619 867 658; x_wconf 82' lang='lat' dir='ltr'>Nam</span> <span class='ocrx_word' id='word_1_50' title='bbox 899 630 996 658; x_wconf 83' lang='lat' dir='ltr'>sane</span> <span class='ocrx_word' id='word_1_51' title='bbox 1027 617 1060 658; x_wconf 92' lang='lat' dir='ltr'>si</span> <span class='ocrx_word' id='word_1_52' title='bbox 1089 621 1165 657; x_wconf 88' lang='lat' dir='ltr'>tum</span> <span class='ocrx_word' id='word_1_53' title='bbox 1191 616 1364 656; x_wconf 86' lang='lat' dir='ltr'>nondum</span> <span class='ocrx_word' id='word_1_54' title='bbox 1388 617 1546 668; x_wconf 89' lang='lat' dir='ltr'>agnitus</span> <span class='ocrx_word' id='word_1_55' title='bbox 1567 614 1675 654; x_wconf 88' lang='lat' dir='ltr'>The-</span> 
     </span>
     <span class='ocr_line' id='line_1_8' title="bbox 158 686 1674 745; baseline -0.006 -9"><span class='ocrx_word' id='word_1_56' title='bbox 158 708 252 737; x_wconf 89' lang='lat' dir='ltr'>seus</span> <span class='ocrx_word' id='word_1_57' title='bbox 286 694 428 744; x_wconf 81' lang='lat' dir='ltr'>suerit,</span> <span class='ocrx_word' id='word_1_58' title='bbox 461 704 533 745; x_wconf 91' lang='lat' dir='ltr'>par</span> <span class='ocrx_word' id='word_1_59' title='bbox 561 696 647 732; x_wconf 85' lang='lat' dir='ltr'>erat</span> <span class='ocrx_word' id='word_1_60' title='bbox 676 691 724 731; x_wconf 89' lang='lat' dir='ltr'>ab</span> <span class='ocrx_word' id='word_1_61' title='bbox 758 693 899 744; x_wconf 84' lang='lat' dir='ltr'>Aegeo</span> <span class='ocrx_word' id='word_1_62' title='bbox 930 702 1027 742; x_wconf 86' lang='lat' dir='ltr'>rege</span> <span class='ocrx_word' id='word_1_63' title='bbox 1059 689 1251 729; x_wconf 87' lang='lat' dir='ltr'>immolari</span> <span class='ocrx_word' id='word_1_64' title='bbox 1284 694 1458 738; x_wconf 88' lang='lat' dir='ltr'>taurum,</span> <span class='ocrx_word' id='word_1_65' title='bbox 1499 699 1581 728; x_wconf 90' lang='lat' dir='ltr'>non</span> <span class='ocrx_word' id='word_1_66' title='bbox 1623 686 1674 727; x_wconf 88' lang='lat' dir='ltr'>ab</span> 
     </span>
     <span class='ocr_line' id='line_1_9' title="bbox 159 762 1675 819; baseline -0.006 -11"><span class='ocrx_word' id='word_1_67' title='bbox 159 770 305 809; x_wconf 75' lang='lat' dir='ltr'>iuvene</span> <span class='ocrx_word' id='word_1_68' title='bbox 334 768 485 819; x_wconf 86' lang='lat' dir='ltr'>ignoto.</span> <span class='ocrx_word' id='word_1_69' title='bbox 544 764 624 804; x_wconf 87' lang='lat' dir='ltr'>lam</span> <span class='ocrx_word' id='word_1_70' title='bbox 658 765 706 804; x_wconf 92' lang='lat' dir='ltr'>de</span> <span class='ocrx_word' id='word_1_71' title='bbox 738 764 815 804; x_wconf 89' lang='lat' dir='ltr'>fide</span> <span class='ocrx_word' id='word_1_72' title='bbox 844 763 1026 803; x_wconf 89' lang='lat' dir='ltr'>habenda</span> <span class='ocrx_word' id='word_1_73' title='bbox 1059 762 1164 815; x_wconf 89' lang='lat' dir='ltr'>quod</span> <span class='ocrx_word' id='word_1_74' title='bbox 1196 762 1292 812; x_wconf 83' lang='lat' dir='ltr'>dixi,</span> <span class='ocrx_word' id='word_1_75' title='bbox 1327 774 1406 801; x_wconf 91' lang='lat' dir='ltr'>non</span> <span class='ocrx_word' id='word_1_76' title='bbox 1437 766 1498 801; x_wconf 91' lang='lat' dir='ltr'>est</span> <span class='ocrx_word' id='word_1_77' title='bbox 1530 773 1675 809; x_wconf 90' lang='lat' dir='ltr'>meum,</span> 
     </span>
     <span class='ocr_line' id='line_1_10' title="bbox 158 835 1678 889; baseline -0.005 -9"><span class='ocrx_word' id='word_1_78' title='bbox 158 846 248 881; x_wconf 85' lang='lat' dir='ltr'>uter</span> <span class='ocrx_word' id='word_1_79' title='bbox 280 840 458 888; x_wconf 87' lang='lat' dir='ltr'>illorum,</span> <span class='ocrx_word' id='word_1_80' title='bbox 488 836 745 886; x_wconf 81' lang='lat' dir='ltr'>Plutarchus,</span> <span class='ocrx_word' id='word_1_81' title='bbox 775 850 821 876; x_wconf 91' lang='lat' dir='ltr'>an</span> <span class='ocrx_word' id='word_1_82' title='bbox 853 848 967 889; x_wconf 86' lang='lat' dir='ltr'>quem</span> <span class='ocrx_word' id='word_1_83' title='bbox 997 848 1102 875; x_wconf 88' lang='lat' dir='ltr'>nunc</span> <span class='ocrx_word' id='word_1_84' title='bbox 1141 835 1298 887; x_wconf 88' lang='lat' dir='ltr'>quidem</span> <span class='ocrx_word' id='word_1_85' title='bbox 1330 839 1531 874; x_wconf 73' lang='lat' dir='ltr'>auctorem</span> <span class='ocrx_word' id='word_1_86' title='bbox 1573 844 1678 873; x_wconf 87' lang='lat' dir='ltr'>con-</span> 
     </span>
     <span class='ocr_line' id='line_1_11' title="bbox 159 905 1676 963; baseline -0.007 -8"><span class='ocrx_word' id='word_1_87' title='bbox 159 915 306 955; x_wconf 87' lang='lat' dir='ltr'>trariae</span> <span class='ocrx_word' id='word_1_88' title='bbox 336 913 558 953; x_wconf 89' lang='lat' dir='ltr'>sententiae</span> <span class='ocrx_word' id='word_1_89' title='bbox 588 911 814 963; x_wconf 85' lang='lat' dir='ltr'>primarium</span> <span class='ocrx_word' id='word_1_90' title='bbox 849 910 1105 958; x_wconf 81' lang='lat' dir='ltr'>habebimus,</span> <span class='ocrx_word' id='word_1_91' title='bbox 1136 907 1329 957; x_wconf 88' lang='lat' dir='ltr'>Ovidius,</span> <span class='ocrx_word' id='word_1_92' title='bbox 1358 919 1498 946; x_wconf 80' lang='lat' dir='ltr'>verum</span> <span class='ocrx_word' id='word_1_93' title='bbox 1535 905 1676 958; x_wconf 90' lang='lat' dir='ltr'>prodi-</span> 
     </span>
     <span class='ocr_line' id='line_1_12' title="bbox 161 978 1678 1037; baseline -0.007 -10"><span class='ocrx_word' id='word_1_94' title='bbox 161 987 285 1037; x_wconf 87' lang='lat' dir='ltr'>derit,</span> <span class='ocrx_word' id='word_1_95' title='bbox 317 989 520 1025; x_wconf 74' lang='lat' dir='ltr'>excutere.</span> <span class='ocrx_word' id='word_1_96' title='bbox 581 982 860 1022; x_wconf 77' lang='lat' dir='ltr'>Callimachum</span> <span class='ocrx_word' id='word_1_97' title='bbox 893 993 979 1020; x_wconf 90' lang='lat' dir='ltr'>cum</span> <span class='ocrx_word' id='word_1_98' title='bbox 1010 979 1245 1029; x_wconf 80' lang='lat' dir='ltr'>Plutarcho,</span> <span class='ocrx_word' id='word_1_99' title='bbox 1283 980 1346 1018; x_wconf 82' lang='lat' dir='ltr'>vel</span> <span class='ocrx_word' id='word_1_100' title='bbox 1376 981 1505 1031; x_wconf 90' lang='lat' dir='ltr'>potius</span> <span class='ocrx_word' id='word_1_101' title='bbox 1545 978 1678 1018; x_wconf 89' lang='lat' dir='ltr'>Philo-</span> 
     </span>
     <span class='ocr_line' id='line_1_13' title="bbox 159 1051 1680 1109; baseline -0.007 -10"><span class='ocrx_word' id='word_1_102' title='bbox 159 1060 308 1109; x_wconf 82' lang='lat' dir='ltr'>choro,</span> <span class='ocrx_word' id='word_1_103' title='bbox 339 1057 487 1096; x_wconf 83' lang='lat' dir='ltr'>fecisse</span> <span class='ocrx_word' id='word_1_104' title='bbox 519 1055 649 1094; x_wconf 87' lang='lat' dir='ltr'>onmia</span> <span class='ocrx_word' id='word_1_105' title='bbox 681 1053 862 1093; x_wconf 84' lang='lat' dir='ltr'>suadent.</span> <span class='ocrx_word' id='word_1_106' title='bbox 936 1052 1093 1101; x_wconf 89' lang='lat' dir='ltr'>Veluti,</span> <span class='ocrx_word' id='word_1_107' title='bbox 1135 1056 1176 1091; x_wconf 92' lang='lat' dir='ltr'>ut</span> <span class='ocrx_word' id='word_1_108' title='bbox 1217 1051 1455 1090; x_wconf 88' lang='lat' dir='ltr'>documenta</span> <span class='ocrx_word' id='word_1_109' title='bbox 1503 1051 1680 1099; x_wconf 80' lang='lat' dir='ltr'>afferam,</span> 
     </span>
     <span class='ocr_line' id='line_1_14' title="bbox 158 1123 1680 1178; baseline -0.006 -8"><span class='ocrx_word' id='word_1_110' title='bbox 158 1131 331 1171; x_wconf 85' lang='lat' dir='ltr'>scivisse</span> <span class='ocrx_word' id='word_1_111' title='bbox 362 1127 560 1176; x_wconf 88' lang='lat' dir='ltr'>Hecalen,</span> <span class='ocrx_word' id='word_1_112' title='bbox 593 1130 778 1178; x_wconf 86' lang='lat' dir='ltr'>quantum</span> <span class='ocrx_word' id='word_1_113' title='bbox 810 1129 849 1164; x_wconf 88' lang='lat' dir='ltr'>et</span> <span class='ocrx_word' id='word_1_114' title='bbox 877 1136 991 1176; x_wconf 87' lang='lat' dir='ltr'>quam</span> <span class='ocrx_word' id='word_1_115' title='bbox 1025 1124 1145 1163; x_wconf 91' lang='lat' dir='ltr'>nobili</span> <span class='ocrx_word' id='word_1_116' title='bbox 1179 1124 1334 1176; x_wconf 78' lang='lat' dir='ltr'>origine</span> <span class='ocrx_word' id='word_1_117' title='bbox 1370 1123 1564 1175; x_wconf 79' lang='lat' dir='ltr'>hospitem</span> <span class='ocrx_word' id='word_1_118' title='bbox 1608 1135 1680 1162; x_wconf 90' lang='lat' dir='ltr'>se-</span> 
     </span>
     <span class='ocr_line' id='line_1_15' title="bbox 163 1195 1681 1250; baseline -0.006 -7"><span class='ocrx_word' id='word_1_119' title='bbox 163 1215 251 1243; x_wconf 84' lang='lat' dir='ltr'>cum</span> <span class='ocrx_word' id='word_1_120' title='bbox 282 1201 473 1248; x_wconf 88' lang='lat' dir='ltr'>haberet,</span> <span class='ocrx_word' id='word_1_121' title='bbox 506 1200 572 1239; x_wconf 86' lang='lat' dir='ltr'>vix</span> <span class='ocrx_word' id='word_1_122' title='bbox 601 1199 782 1250; x_wconf 87' lang='lat' dir='ltr'>cuiquam</span> <span class='ocrx_word' id='word_1_123' title='bbox 813 1197 971 1237; x_wconf 91' lang='lat' dir='ltr'>dubium</span> <span class='ocrx_word' id='word_1_124' title='bbox 1004 1197 1091 1236; x_wconf 88' lang='lat' dir='ltr'>erit.</span> <span class='ocrx_word' id='word_1_125' title='bbox 1149 1196 1258 1248; x_wconf 87' lang='lat' dir='ltr'>Ergo</span> <span class='ocrx_word' id='word_1_126' title='bbox 1289 1196 1483 1236; x_wconf 85' lang='lat' dir='ltr'>Theseum</span> <span class='ocrx_word' id='word_1_127' title='bbox 1522 1195 1681 1248; x_wconf 84' lang='lat' dir='ltr'>putabi-</span> 
     </span>
     <span class='ocr_line' id='line_1_16' title="bbox 161 1269 1682 1326; baseline -0.006 -10"><span class='ocrx_word' id='word_1_128' title='bbox 161 1289 268 1324; x_wconf 86' lang='lat' dir='ltr'>mus,</span> <span class='ocrx_word' id='word_1_129' title='bbox 297 1279 507 1326; x_wconf 80' lang='lat' dir='ltr'>antequam</span> <span class='ocrx_word' id='word_1_130' title='bbox 549 1272 704 1325; x_wconf 89' lang='lat' dir='ltr'>agnitus</span> <span class='ocrx_word' id='word_1_131' title='bbox 737 1271 874 1310; x_wconf 87' lang='lat' dir='ltr'>suisset</span> <span class='ocrx_word' id='word_1_132' title='bbox 915 1283 935 1310; x_wconf 92' lang='lat' dir='ltr'>a</span> <span class='ocrx_word' id='word_1_133' title='bbox 981 1274 1120 1322; x_wconf 88' lang='lat' dir='ltr'>patre,</span> <span class='ocrx_word' id='word_1_134' title='bbox 1158 1269 1252 1309; x_wconf 90' lang='lat' dir='ltr'>illud</span> <span class='ocrx_word' id='word_1_135' title='bbox 1297 1269 1346 1308; x_wconf 92' lang='lat' dir='ltr'>de</span> <span class='ocrx_word' id='word_1_136' title='bbox 1397 1270 1554 1322; x_wconf 86' lang='lat' dir='ltr'>origine</span> <span class='ocrx_word' id='word_1_137' title='bbox 1596 1269 1682 1319; x_wconf 88' lang='lat' dir='ltr'>sua,</span> 
     </span>
     <span class='ocr_line' id='line_1_17' title="bbox 159 1342 1675 1403; baseline -0.005 -14"><span class='ocrx_word' id='word_1_138' title='bbox 159 1351 303 1403; x_wconf 79' lang='lat' dir='ltr'>quippe</span> <span class='ocrx_word' id='word_1_139' title='bbox 350 1351 575 1391; x_wconf 85' lang='lat' dir='ltr'>secretum,</span> <span class='ocrx_word' id='word_1_140' title='bbox 622 1346 660 1385; x_wconf 92' lang='lat' dir='ltr'>in</span> <span class='ocrx_word' id='word_1_141' title='bbox 709 1356 825 1384; x_wconf 89' lang='lat' dir='ltr'>aures</span> <span class='ocrx_word' id='word_1_142' title='bbox 869 1345 1143 1384; x_wconf 88' lang='lat' dir='ltr'>insusurrasse</span> <span class='ocrx_word' id='word_1_143' title='bbox 1177 1342 1380 1382; x_wconf 83' lang='lat' dir='ltr'>Hecales?</span> <span class='ocrx_word' id='word_1_144' title='bbox 1423 1342 1675 1382; x_wconf 87' lang='lat' dir='ltr'>Indecorum.</span> 
     </span>
     <span class='ocr_line' id='line_1_18' title="bbox 158 1413 1673 1472; baseline -0.006 -10"><span class='ocrx_word' id='word_1_145' title='bbox 158 1421 312 1463; x_wconf 88' lang='lat' dir='ltr'>Deinde</span> <span class='ocrx_word' id='word_1_146' title='bbox 344 1431 460 1472; x_wconf 88' lang='lat' dir='ltr'>quum</span> <span class='ocrx_word' id='word_1_147' title='bbox 506 1420 542 1457; x_wconf 92' lang='lat' dir='ltr'>in</span> <span class='ocrx_word' id='word_1_148' title='bbox 577 1422 755 1457; x_wconf 80' lang='lat' dir='ltr'>extremo</span> <span class='ocrx_word' id='word_1_149' title='bbox 800 1416 975 1456; x_wconf 82' lang='lat' dir='ltr'>carmine</span> <span class='ocrx_word' id='word_1_150' title='bbox 1016 1413 1120 1455; x_wconf 86' lang='lat' dir='ltr'>haud</span> <span class='ocrx_word' id='word_1_151' title='bbox 1162 1414 1280 1455; x_wconf 91' lang='lat' dir='ltr'>dubie</span> <span class='ocrx_word' id='word_1_152' title='bbox 1322 1414 1467 1454; x_wconf 88' lang='lat' dir='ltr'>Thesei</span> <span class='ocrx_word' id='word_1_153' title='bbox 1507 1414 1673 1454; x_wconf 87' lang='lat' dir='ltr'>victoris</span> 
     </span>
     <span class='ocr_line' id='line_1_19' title="bbox 156 1486 1668 1538; baseline -0.006 -4"><span class='ocrx_word' id='word_1_154' title='bbox 156 1496 195 1534; x_wconf 91' lang='lat' dir='ltr'>in</span> <span class='ocrx_word' id='word_1_155' title='bbox 228 1493 367 1533; x_wconf 91' lang='lat' dir='ltr'>urbem</span> <span class='ocrx_word' id='word_1_156' title='bbox 398 1491 580 1530; x_wconf 78' lang='lat' dir='ltr'>introitus</span> <span class='ocrx_word' id='word_1_157' title='bbox 617 1493 656 1529; x_wconf 90' lang='lat' dir='ltr'>et</span> <span class='ocrx_word' id='word_1_158' title='bbox 695 1488 929 1528; x_wconf 86' lang='lat' dir='ltr'>sacrificium</span> <span class='ocrx_word' id='word_1_159' title='bbox 962 1487 1104 1538; x_wconf 87' lang='lat' dir='ltr'>suerit,</span> <span class='ocrx_word' id='word_1_160' title='bbox 1151 1498 1239 1527; x_wconf 90' lang='lat' dir='ltr'>eum</span> <span class='ocrx_word' id='word_1_161' title='bbox 1279 1486 1481 1527; x_wconf 88' lang='lat' dir='ltr'>introitum</span> <span class='ocrx_word' id='word_1_162' title='bbox 1519 1486 1668 1526; x_wconf 88' lang='lat' dir='ltr'>factum</span> 
     </span>
     <span class='ocr_line' id='line_1_20' title="bbox 160 1559 1676 1616; baseline -0.006 -10"><span class='ocrx_word' id='word_1_163' title='bbox 160 1578 252 1607; x_wconf 86' lang='lat' dir='ltr'>esse</span> <span class='ocrx_word' id='word_1_164' title='bbox 293 1565 342 1605; x_wconf 87' lang='lat' dir='ltr'>ab</span> <span class='ocrx_word' id='word_1_165' title='bbox 379 1565 544 1616; x_wconf 81' lang='lat' dir='ltr'>ignoto,</span> <span class='ocrx_word' id='word_1_166' title='bbox 589 1566 627 1601; x_wconf 86' lang='lat' dir='ltr'>et</span> <span class='ocrx_word' id='word_1_167' title='bbox 670 1560 862 1601; x_wconf 89' lang='lat' dir='ltr'>sollemne</span> <span class='ocrx_word' id='word_1_168' title='bbox 911 1560 1147 1600; x_wconf 87' lang='lat' dir='ltr'>sacrificium</span> <span class='ocrx_word' id='word_1_169' title='bbox 1194 1559 1480 1612; x_wconf 87' lang='lat' dir='ltr'>interpellatum</span> <span class='ocrx_word' id='word_1_170' title='bbox 1517 1570 1676 1598; x_wconf 88' lang='lat' dir='ltr'>veneno</span> 
     </span>
     <span class='ocr_line' id='line_1_21' title="bbox 165 1631 1682 1691; baseline -0.006 -12"><span class='ocrx_word' id='word_1_171' title='bbox 165 1644 204 1679; x_wconf 89' lang='lat' dir='ltr'>et</span> <span class='ocrx_word' id='word_1_172' title='bbox 232 1637 438 1691; x_wconf 84' lang='lat' dir='ltr'>agnitione</span> <span class='ocrx_word' id='word_1_173' title='bbox 472 1635 595 1675; x_wconf 80' lang='lat' dir='ltr'>esse?</span> <span class='ocrx_word' id='word_1_174' title='bbox 652 1632 892 1673; x_wconf 85' lang='lat' dir='ltr'>Incredibile</span> <span class='ocrx_word' id='word_1_175' title='bbox 927 1633 964 1672; x_wconf 91' lang='lat' dir='ltr'>in</span> <span class='ocrx_word' id='word_1_176' title='bbox 995 1644 1044 1672; x_wconf 90' lang='lat' dir='ltr'>eo</span> <span class='ocrx_word' id='word_1_177' title='bbox 1074 1637 1209 1684; x_wconf 89' lang='lat' dir='ltr'>poeta,</span> <span class='ocrx_word' id='word_1_178' title='bbox 1244 1632 1308 1685; x_wconf 87' lang='lat' dir='ltr'>qui</span> <span class='ocrx_word' id='word_1_179' title='bbox 1333 1633 1505 1672; x_wconf 89' lang='lat' dir='ltr'>omnium</span> <span class='ocrx_word' id='word_1_180' title='bbox 1534 1631 1682 1684; x_wconf 83' lang='lat' dir='ltr'>optime</span> 
     </span>
     <span class='ocr_line' id='line_1_22' title="bbox 165 1704 1680 1754; baseline -0.005 -3"><span class='ocrx_word' id='word_1_181' title='bbox 165 1712 287 1752; x_wconf 88' lang='lat' dir='ltr'>sciret</span> <span class='ocrx_word' id='word_1_182' title='bbox 328 1709 431 1749; x_wconf 87' lang='lat' dir='ltr'>aliud</span> <span class='ocrx_word' id='word_1_183' title='bbox 466 1720 556 1747; x_wconf 84' lang='lat' dir='ltr'>esse</span> <span class='ocrx_word' id='word_1_184' title='bbox 587 1706 782 1746; x_wconf 87' lang='lat' dir='ltr'>Theseida</span> <span class='ocrx_word' id='word_1_185' title='bbox 822 1705 1025 1754; x_wconf 87' lang='lat' dir='ltr'>scribere,</span> <span class='ocrx_word' id='word_1_186' title='bbox 1063 1704 1169 1744; x_wconf 85' lang='lat' dir='ltr'>aliud</span> <span class='ocrx_word' id='word_1_187' title='bbox 1207 1704 1383 1745; x_wconf 90' lang='lat' dir='ltr'>Hecalen</span> <span class='ocrx_word' id='word_1_188' title='bbox 1422 1708 1461 1744; x_wconf 87' lang='lat' dir='ltr'>et</span> <span class='ocrx_word' id='word_1_189' title='bbox 1498 1704 1680 1744; x_wconf 85' lang='lat' dir='ltr'>Taurum.</span> 
     </span>
     <span class='ocr_line' id='line_1_23' title="bbox 158 1777 1676 1835; baseline -0.005 -11"><span class='ocrx_word' id='word_1_190' title='bbox 158 1784 236 1825; x_wconf 86' lang='lat' dir='ltr'>Alii</span> <span class='ocrx_word' id='word_1_191' title='bbox 270 1783 438 1835; x_wconf 85' lang='lat' dir='ltr'>cuipiam</span> <span class='ocrx_word' id='word_1_192' title='bbox 470 1781 545 1820; x_wconf 92' lang='lat' dir='ltr'>hoc</span> <span class='ocrx_word' id='word_1_193' title='bbox 577 1780 694 1819; x_wconf 79' lang='lat' dir='ltr'>fuerit</span> <span class='ocrx_word' id='word_1_194' title='bbox 722 1779 977 1831; x_wconf 85' lang='lat' dir='ltr'>primarium,</span> <span class='ocrx_word' id='word_1_195' title='bbox 1009 1779 1143 1829; x_wconf 88' lang='lat' dir='ltr'>quanti</span> <span class='ocrx_word' id='word_1_196' title='bbox 1174 1790 1240 1818; x_wconf 87' lang='lat' dir='ltr'>res</span> <span class='ocrx_word' id='word_1_197' title='bbox 1286 1778 1475 1817; x_wconf 86' lang='lat' dir='ltr'>momenti</span> <span class='ocrx_word' id='word_1_198' title='bbox 1521 1777 1676 1826; x_wconf 85' lang='lat' dir='ltr'>fuisset,</span> 
     </span>
     <span class='ocr_line' id='line_1_24' title="bbox 159 1848 1680 1910; baseline -0.005 -14"><span class='ocrx_word' id='word_1_199' title='bbox 159 1857 327 1910; x_wconf 83' lang='lat' dir='ltr'>agnosci</span> <span class='ocrx_word' id='word_1_200' title='bbox 360 1867 380 1893; x_wconf 90' lang='lat' dir='ltr'>a</span> <span class='ocrx_word' id='word_1_201' title='bbox 413 1858 523 1905; x_wconf 85' lang='lat' dir='ltr'>patre</span> <span class='ocrx_word' id='word_1_202' title='bbox 554 1852 771 1902; x_wconf 79' lang='lat' dir='ltr'>Theseum,</span> <span class='ocrx_word' id='word_1_203' title='bbox 799 1856 944 1905; x_wconf 86' lang='lat' dir='ltr'>quanto</span> <span class='ocrx_word' id='word_1_204' title='bbox 978 1851 1153 1892; x_wconf 83' lang='lat' dir='ltr'>obnoxia</span> <span class='ocrx_word' id='word_1_205' title='bbox 1190 1849 1436 1899; x_wconf 84' lang='lat' dir='ltr'>discrimini3</span> <span class='ocrx_word' id='word_1_206' title='bbox 1484 1848 1557 1888; x_wconf 89' lang='lat' dir='ltr'>sed</span> <span class='ocrx_word' id='word_1_207' title='bbox 1585 1853 1680 1888; x_wconf 90' lang='lat' dir='ltr'>tan-</span> 
     </span>
     <span class='ocr_line' id='line_1_25' title="bbox 164 1920 1680 1980; baseline -0.005 -12"><span class='ocrx_word' id='word_1_208' title='bbox 164 1929 251 1968; x_wconf 81' lang='lat' dir='ltr'>dem</span> <span class='ocrx_word' id='word_1_209' title='bbox 283 1927 457 1980; x_wconf 82' lang='lat' dir='ltr'>agnitum</span> <span class='ocrx_word' id='word_1_210' title='bbox 491 1937 612 1974; x_wconf 85' lang='lat' dir='ltr'>esse,</span> <span class='ocrx_word' id='word_1_211' title='bbox 653 1929 692 1963; x_wconf 85' lang='lat' dir='ltr'>et</span> <span class='ocrx_word' id='word_1_212' title='bbox 727 1926 897 1977; x_wconf 80' lang='lat' dir='ltr'>agnitum</span> <span class='ocrx_word' id='word_1_213' title='bbox 947 1936 1039 1964; x_wconf 75' lang='lat' dir='ltr'>esse</span> <span class='ocrx_word' id='word_1_214' title='bbox 1081 1922 1270 1963; x_wconf 88' lang='lat' dir='ltr'>illustrem</span> <span class='ocrx_word' id='word_1_215' title='bbox 1314 1921 1468 1962; x_wconf 82' lang='lat' dir='ltr'>recenti</span> <span class='ocrx_word' id='word_1_216' title='bbox 1509 1920 1680 1961; x_wconf 87' lang='lat' dir='ltr'>victoria</span> 
     </span>
     <span class='ocr_line' id='line_1_26' title="bbox 164 1992 1681 2049; baseline -0.005 -7"><span class='ocrx_word' id='word_1_217' title='bbox 164 2001 440 2048; x_wconf 83' lang='lat' dir='ltr'>Marathonia,</span> <span class='ocrx_word' id='word_1_218' title='bbox 472 2004 509 2037; x_wconf 87' lang='lat' dir='ltr'>et</span> <span class='ocrx_word' id='word_1_219' title='bbox 550 1999 805 2037; x_wconf 79' lang='lat' dir='ltr'>occasionem</span> <span class='ocrx_word' id='word_1_220' title='bbox 840 1996 1057 2049; x_wconf 86' lang='lat' dir='ltr'>praebente</span> <span class='ocrx_word' id='word_1_221' title='bbox 1099 2007 1146 2034; x_wconf 83' lang='lat' dir='ltr'>ea</span> <span class='ocrx_word' id='word_1_222' title='bbox 1187 1995 1369 2034; x_wconf 86' lang='lat' dir='ltr'>victoria.</span> <span class='ocrx_word' id='word_1_223' title='bbox 1440 1992 1681 2035; x_wconf 86' lang='lat' dir='ltr'>Callimacho</span> 
     </span>
     <span class='ocr_line' id='line_1_27' title="bbox 165 2064 1680 2126; baseline -0.006 -14"><span class='ocrx_word' id='word_1_224' title='bbox 165 2073 389 2126; x_wconf 83' lang='lat' dir='ltr'>primarium</span> <span class='ocrx_word' id='word_1_225' title='bbox 420 2071 511 2121; x_wconf 88' lang='lat' dir='ltr'>hoc,</span> <span class='ocrx_word' id='word_1_226' title='bbox 541 2071 670 2122; x_wconf 75' lang='lat' dir='ltr'>gtoria</span> <span class='ocrx_word' id='word_1_227' title='bbox 701 2069 843 2108; x_wconf 87' lang='lat' dir='ltr'>Thesei</span> <span class='ocrx_word' id='word_1_228' title='bbox 876 2081 925 2108; x_wconf 81' lang='lat' dir='ltr'>ex</span> <span class='ocrx_word' id='word_1_229' title='bbox 953 2072 1064 2120; x_wconf 86' lang='lat' dir='ltr'>parta</span> <span class='ocrx_word' id='word_1_230' title='bbox 1087 2067 1254 2106; x_wconf 86' lang='lat' dir='ltr'>victoria</span> <span class='ocrx_word' id='word_1_231' title='bbox 1276 2064 1536 2105; x_wconf 87' lang='lat' dir='ltr'>Marathonia.</span> <span class='ocrx_word' id='word_1_232' title='bbox 1594 2065 1680 2105; x_wconf 90' lang='lat' dir='ltr'>Ne-</span> 
     </span>
     <span class='ocr_line' id='line_1_28' title="bbox 167 2136 1679 2198; baseline -0.007 -13"><span class='ocrx_word' id='word_1_233' title='bbox 167 2159 242 2198; x_wconf 78' lang='lat' dir='ltr'>que</span> <span class='ocrx_word' id='word_1_234' title='bbox 275 2145 481 2196; x_wconf 82' lang='lat' dir='ltr'>quicquam</span> <span class='ocrx_word' id='word_1_235' title='bbox 515 2141 789 2182; x_wconf 85' lang='lat' dir='ltr'>observationi</span> <span class='ocrx_word' id='word_1_236' title='bbox 818 2142 883 2180; x_wconf 84' lang='lat' dir='ltr'>isti</span> <span class='ocrx_word' id='word_1_237' title='bbox 913 2141 952 2180; x_wconf 93' lang='lat' dir='ltr'>in</span> <span class='ocrx_word' id='word_1_238' title='bbox 984 2140 1201 2180; x_wconf 89' lang='lat' dir='ltr'>Diodorum</span> <span class='ocrx_word' id='word_1_239' title='bbox 1232 2138 1383 2177; x_wconf 91' lang='lat' dir='ltr'>tribuo:</span> <span class='ocrx_word' id='word_1_240' title='bbox 1421 2137 1533 2176; x_wconf 91' lang='lat' dir='ltr'>cuius</span> <span class='ocrx_word' id='word_1_241' title='bbox 1563 2136 1679 2176; x_wconf 90' lang='lat' dir='ltr'>testi-</span> 
     </span>
     <span class='ocr_line' id='line_1_29' title="bbox 168 2209 1680 2267; baseline -0.008 -8"><span class='ocrx_word' id='word_1_242' title='bbox 168 2219 301 2260; x_wconf 86' lang='lat' dir='ltr'>monio</span> <span class='ocrx_word' id='word_1_243' title='bbox 333 2216 370 2256; x_wconf 91' lang='lat' dir='ltr'>id</span> <span class='ocrx_word' id='word_1_244' title='bbox 401 2221 547 2255; x_wconf 86' lang='lat' dir='ltr'>tantum</span> <span class='ocrx_word' id='word_1_245' title='bbox 579 2214 782 2267; x_wconf 87' lang='lat' dir='ltr'>probatur,</span> <span class='ocrx_word' id='word_1_246' title='bbox 816 2213 1029 2254; x_wconf 87' lang='lat' dir='ltr'>dubitatum</span> <span class='ocrx_word' id='word_1_247' title='bbox 1059 2213 1195 2262; x_wconf 83' lang='lat' dir='ltr'>fuisse,</span> <span class='ocrx_word' id='word_1_248' title='bbox 1228 2215 1268 2251; x_wconf 88' lang='lat' dir='ltr'>et</span> <span class='ocrx_word' id='word_1_249' title='bbox 1300 2211 1470 2250; x_wconf 82' lang='lat' dir='ltr'>fortasse</span> <span class='ocrx_word' id='word_1_250' title='bbox 1501 2209 1575 2248; x_wconf 91' lang='lat' dir='ltr'>iam</span> <span class='ocrx_word' id='word_1_251' title='bbox 1603 2221 1680 2248; x_wconf 91' lang='lat' dir='ltr'>an-</span> 
     </span>
     <span class='ocr_line' id='line_1_30' title="bbox 168 2282 1677 2342; baseline -0.006 -12"><span class='ocrx_word' id='word_1_252' title='bbox 168 2290 356 2342; x_wconf 83' lang='lat' dir='ltr'>tiquitus,</span> <span class='ocrx_word' id='word_1_253' title='bbox 385 2291 511 2326; x_wconf 86' lang='lat' dir='ltr'>utrum</span> <span class='ocrx_word' id='word_1_254' title='bbox 543 2290 693 2325; x_wconf 89' lang='lat' dir='ltr'>taurum</span> <span class='ocrx_word' id='word_1_255' title='bbox 735 2297 807 2325; x_wconf 79' lang='lat' dir='ltr'>rex</span> <span class='ocrx_word' id='word_1_256' title='bbox 841 2297 888 2324; x_wconf 87' lang='lat' dir='ltr'>an</span> <span class='ocrx_word' id='word_1_257' title='bbox 924 2286 1052 2324; x_wconf 75' lang='lat' dir='ltr'>victor</span> <span class='ocrx_word' id='word_1_258' title='bbox 1091 2283 1190 2323; x_wconf 83' lang='lat' dir='ltr'>filius</span> <span class='ocrx_word' id='word_1_259' title='bbox 1232 2284 1340 2335; x_wconf 88' lang='lat' dir='ltr'>regis</span> <span class='ocrx_word' id='word_1_260' title='bbox 1382 2282 1677 2322; x_wconf 84' lang='lat' dir='ltr'>immolavisset.</span> 
     </span>
     <span class='ocr_line' id='line_1_31' title="bbox 168 2355 1680 2410; baseline -0.005 -7"><span class='ocrx_word' id='word_1_261' title='bbox 168 2365 217 2404; x_wconf 85' lang='lat' dir='ltr'>Et</span> <span class='ocrx_word' id='word_1_262' title='bbox 245 2367 285 2402; x_wconf 91' lang='lat' dir='ltr'>ut</span> <span class='ocrx_word' id='word_1_263' title='bbox 316 2362 443 2400; x_wconf 90' lang='lat' dir='ltr'>dicam</span> <span class='ocrx_word' id='word_1_264' title='bbox 476 2359 581 2410; x_wconf 86' lang='lat' dir='ltr'>quod</span> <span class='ocrx_word' id='word_1_265' title='bbox 615 2359 757 2408; x_wconf 93' lang='lat' dir='ltr'>sentio,</span> <span class='ocrx_word' id='word_1_266' title='bbox 787 2369 867 2397; x_wconf 91' lang='lat' dir='ltr'>non</span> <span class='ocrx_word' id='word_1_267' title='bbox 900 2356 1058 2396; x_wconf 89' lang='lat' dir='ltr'>multum</span> <span class='ocrx_word' id='word_1_268' title='bbox 1090 2356 1217 2395; x_wconf 91' lang='lat' dir='ltr'>tribuo</span> <span class='ocrx_word' id='word_1_269' title='bbox 1249 2355 1407 2405; x_wconf 90' lang='lat' dir='ltr'>Ovidio,</span> <span class='ocrx_word' id='word_1_270' title='bbox 1435 2355 1527 2408; x_wconf 90' lang='lat' dir='ltr'>qui,</span> <span class='ocrx_word' id='word_1_271' title='bbox 1556 2359 1599 2395; x_wconf 84' lang='lat' dir='ltr'>ut</span> <span class='ocrx_word' id='word_1_272' title='bbox 1629 2366 1680 2397; x_wconf 80' lang='lat' dir='ltr'>ex</span> 
     </span>
     <span class='ocr_line' id='line_1_32' title="bbox 170 2425 1681 2480; baseline -0.008 -4"><span class='ocrx_word' id='word_1_273' title='bbox 170 2447 289 2476; x_wconf 86' lang='lat' dir='ltr'>versu</span> <span class='ocrx_word' id='word_1_274' title='bbox 321 2434 429 2473; x_wconf 90' lang='lat' dir='ltr'>eius:</span> <span class='ocrx_word' id='word_1_275' title='bbox 470 2436 532 2479; x_wconf 83' lang='lat' dir='ltr'>te,</span> <span class='ocrx_word' id='word_1_276' title='bbox 565 2431 736 2470; x_wconf 68' lang='lat' dir='ltr'>nzaoeime</span> <span class='ocrx_word' id='word_1_277' title='bbox 771 2430 945 2480; x_wconf 81' lang='lat' dir='ltr'>Theseu,</span> <span class='ocrx_word' id='word_1_278' title='bbox 1010 2428 1161 2468; x_wconf 73' lang='lat' dir='ltr'>Mirata</span> <span class='ocrx_word' id='word_1_279' title='bbox 1190 2431 1248 2467; x_wconf 84' lang='lat' dir='ltr'>est</span> <span class='ocrx_word' id='word_1_280' title='bbox 1277 2427 1493 2467; x_wconf 78' lang='lat' dir='ltr'>Marathon</span> <span class='ocrx_word' id='word_1_281' title='bbox 1523 2425 1681 2467; x_wconf 75' lang='lat' dir='ltr'>Cretaei</span> 
     </span>
     <span class='ocr_line' id='line_1_33' title="bbox 171 2497 1679 2559; baseline -0.006 -13"><span class='ocrx_word' id='word_1_282' title='bbox 171 2506 365 2559; x_wconf 71' lang='lat' dir='ltr'>sanquine</span> <span class='ocrx_word' id='word_1_283' title='bbox 397 2504 517 2551; x_wconf 77' lang='lat' dir='ltr'>tauri,</span> <span class='ocrx_word' id='word_1_284' title='bbox 548 2503 799 2556; x_wconf 85' lang='lat' dir='ltr'>intelligitur,</span> <span class='ocrx_word' id='word_1_285' title='bbox 830 2506 953 2542; x_wconf 86' lang='lat' dir='ltr'>totum</span> <span class='ocrx_word' id='word_1_286' title='bbox 985 2501 1101 2551; x_wconf 90' lang='lat' dir='ltr'>illud,</span> <span class='ocrx_word' id='word_1_287' title='bbox 1136 2499 1373 2540; x_wconf 86' lang='lat' dir='ltr'>immolatum</span> <span class='ocrx_word' id='word_1_288' title='bbox 1403 2500 1570 2539; x_wconf 89' lang='lat' dir='ltr'>Athenis</span> <span class='ocrx_word' id='word_1_289' title='bbox 1602 2497 1679 2537; x_wconf 90' lang='lat' dir='ltr'>deo</span> 
     </span>
     <span class='ocr_line' id='line_1_34' title="bbox 174 2573 1678 2627; baseline -0.007 -8"><span class='ocrx_word' id='word_1_290' title='bbox 174 2583 259 2620; x_wconf 88' lang='lat' dir='ltr'>sive</span> <span class='ocrx_word' id='word_1_291' title='bbox 291 2579 392 2618; x_wconf 88' lang='lat' dir='ltr'>deae</span> <span class='ocrx_word' id='word_1_292' title='bbox 422 2581 600 2625; x_wconf 88' lang='lat' dir='ltr'>taurum,</span> <span class='ocrx_word' id='word_1_293' title='bbox 631 2587 730 2626; x_wconf 88' lang='lat' dir='ltr'>quae</span> <span class='ocrx_word' id='word_1_294' title='bbox 757 2574 1068 2627; x_wconf 84' lang='lat' dir='ltr'>antiquioribuS,</span> <span class='ocrx_word' id='word_1_295' title='bbox 1103 2574 1292 2620; x_wconf 88' lang='lat' dir='ltr'>Graecis,</span> <span class='ocrx_word' id='word_1_296' title='bbox 1321 2573 1454 2625; x_wconf 84' lang='lat' dir='ltr'>magni</span> <span class='ocrx_word' id='word_1_297' title='bbox 1486 2583 1553 2611; x_wconf 91' lang='lat' dir='ltr'>res</span> <span class='ocrx_word' id='word_1_298' title='bbox 1589 2580 1678 2609; x_wconf 91' lang='lat' dir='ltr'>mo-</span> 
     </span>
     <span class='ocr_line' id='line_1_35' title="bbox 173 2641 1679 2702; baseline -0.007 -11"><span class='ocrx_word' id='word_1_299' title='bbox 173 2653 294 2693; x_wconf 86' lang='lat' dir='ltr'>menti</span> <span class='ocrx_word' id='word_1_300' title='bbox 325 2655 364 2690; x_wconf 89' lang='lat' dir='ltr'>et</span> <span class='ocrx_word' id='word_1_301' title='bbox 394 2661 485 2702; x_wconf 88' lang='lat' dir='ltr'>pars</span> <span class='ocrx_word' id='word_1_302' title='bbox 517 2649 672 2688; x_wconf 82' lang='lat' dir='ltr'>fabulae</span> <span class='ocrx_word' id='word_1_303' title='bbox 704 2648 861 2687; x_wconf 88' lang='lat' dir='ltr'>minime</span> <span class='ocrx_word' id='word_1_304' title='bbox 894 2646 1184 2687; x_wconf 88' lang='lat' dir='ltr'>contemnenda</span> <span class='ocrx_word' id='word_1_305' title='bbox 1216 2646 1309 2695; x_wconf 86' lang='lat' dir='ltr'>suit,</span> <span class='ocrx_word' id='word_1_306' title='bbox 1344 2650 1408 2685; x_wconf 86' lang='lat' dir='ltr'>aut</span> <span class='ocrx_word' id='word_1_307' title='bbox 1434 2641 1679 2697; x_wconf 83' lang='lat' dir='ltr'>ignoraverit</span> 
     </span>
     <span class='ocr_line' id='line_1_36' title="bbox 178 2717 1677 2772; baseline -0.008 -7"><span class='ocrx_word' id='word_1_308' title='bbox 178 2729 244 2765; x_wconf 87' lang='lat' dir='ltr'>aut</span> <span class='ocrx_word' id='word_1_309' title='bbox 273 2734 351 2762; x_wconf 90' lang='lat' dir='ltr'>non</span> <span class='ocrx_word' id='word_1_310' title='bbox 384 2722 596 2761; x_wconf 83' lang='lat' dir='ltr'>curaverit.</span> <span class='ocrx_word' id='word_1_311' title='bbox 653 2721 702 2761; x_wconf 90' lang='lat' dir='ltr'>Ut</span> <span class='ocrx_word' id='word_1_312' title='bbox 729 2721 810 2770; x_wconf 86' lang='lat' dir='ltr'>alii,</span> <span class='ocrx_word' id='word_1_313' title='bbox 839 2720 1023 2772; x_wconf 83' lang='lat' dir='ltr'>neglecto</span> <span class='ocrx_word' id='word_1_314' title='bbox 1053 2731 1184 2768; x_wconf 87' lang='lat' dir='ltr'>sacro,</span> <span class='ocrx_word' id='word_1_315' title='bbox 1214 2723 1375 2758; x_wconf 89' lang='lat' dir='ltr'>narrant</span> <span class='ocrx_word' id='word_1_316' title='bbox 1401 2717 1591 2757; x_wconf 86' lang='lat' dir='ltr'>breviter:</span> <span class='ocrx_word' id='word_1_317' title='bbox 1625 2737 1677 2743; x_wconf 89' lang='lat'>—</span> 
     </span>
     <span class='ocr_line' id='line_1_37' title="bbox 177 2787 1411 2846; baseline -0.006 -11"><span class='ocrx_word' id='word_1_318' title='bbox 177 2796 355 2846; x_wconf 74' lang='grc' dir='ltr'><strong><em>ταῦρον,</em></strong></span> <span class='ocrx_word' id='word_1_319' title='bbox 389 2789 435 2832; x_wconf 79' lang='grc' dir='ltr'>ὃν</span> <span class='ocrx_word' id='word_1_320' title='bbox 466 2793 601 2832; x_wconf 56' lang='lat' dir='ltr'>duzas</span> <span class='ocrx_word' id='word_1_321' title='bbox 638 2787 815 2844; x_wconf 74' lang='grc' dir='ltr'><strong>Θησεύς.</strong></span> <span class='ocrx_word' id='word_1_322' title='bbox 873 2790 1049 2829; x_wconf 89' lang='lat' dir='ltr'>Theseus</span> <span class='ocrx_word' id='word_1_323' title='bbox 1078 2793 1236 2828; x_wconf 78' lang='lat' dir='ltr'>taurmn</span> <span class='ocrx_word' id='word_1_324' title='bbox 1258 2789 1411 2828; x_wconf 78' lang='lat' dir='ltr'>occidit.</span> 
     </span>
    </p>

    <p class='ocr_par' dir='ltr' id='par_1_3' title="bbox 290 2857 1677 2915">
     <span class='ocr_line' id='line_1_38' title="bbox 290 2857 1677 2915; baseline -0.007 -9"><span class='ocrx_word' id='word_1_325' title='bbox 290 2864 352 2906; x_wconf 82' lang='lat' dir='ltr'>Ad</span> <span class='ocrx_word' id='word_1_326' title='bbox 381 2864 494 2903; x_wconf 87' lang='lat' dir='ltr'>linem</span> <span class='ocrx_word' id='word_1_327' title='bbox 523 2864 775 2915; x_wconf 86' lang='lat' dir='ltr'>pervenimus</span> <span class='ocrx_word' id='word_1_328' title='bbox 803 2862 1075 2915; x_wconf 88' lang='lat' dir='ltr'>disputationis</span> <span class='ocrx_word' id='word_1_329' title='bbox 1117 2861 1230 2901; x_wconf 76' lang='lat' dir='ltr'>liuius</span> <span class='ocrx_word' id='word_1_330' title='bbox 1262 2859 1441 2912; x_wconf 89' lang='lat' dir='ltr'>quidem,</span> <span class='ocrx_word' id='word_1_331' title='bbox 1471 2869 1570 2910; x_wconf 87' lang='lat' dir='ltr'>quae</span> <span class='ocrx_word' id='word_1_332' title='bbox 1602 2857 1677 2896; x_wconf 86' lang='lat' dir='ltr'>ali-</span> 
     </span>
    </p>
   </div>
  </div>
 </body>
</html>
