1856 3126
724 111 1035 151 —261—

227 228 351 282 Igitur
393 226 573 267 Theseus
610 230 764 268 taurum
811 240 862 268 ex
905 240 1005 282 agro
1050 226 1302 268 Marathonio
1342 226 1537 268 festinans
1583 238 1650 278 eo,

113 311 192 355 quo
223 301 289 341 ille
320 299 648 350 sistendos-erat,
682 301 865 340 devitans
897 297 1158 351 deverticula,
1186 300 1249 339 via
1278 310 1359 339 non
1390 311 1557 351 prorsus
1587 311 1652 350 ea,

111 385 190 426 qua
222 373 307 425 ipse
336 376 455 412 antea
486 371 537 411 ad
570 384 744 425 pugnam
774 373 979 425 profectus
1011 374 1154 423 luerat,
1184 372 1257 412 sed
1287 372 1389 422 alia,
1422 383 1580 425 eaque,
1610 377 1653 412 ut

112 445 284 485 credere
315 455 388 495 par
420 448 507 493 est,
549 443 729 484 breviori
759 444 939 485 Athenas
971 444 1135 485 deduxit
1154 475 1165 495 ,
1196 448 1236 483 et
1265 448 1474 496 postquam
1506 445 1653 484 trium-

111 517 240 569 phans
268 517 478 568 ingressus
510 516 549 555 in
583 515 722 556 urbem
753 521 886 564 esset,
913 517 1113 556 mactavit.

222 587 419 640 Praeponi
462 586 554 627 huic
595 589 816 628 narrationi
850 589 1131 641 Fragmentum
1171 586 1480 627 CCLXXXVIII.
1528 599 1652 639 posse

111 661 332 714 opinabar:
360 655 444 700 ὅστ’
479 653 654 706 α’)’κιστος
683 661 726 708 ἐς
757 655 944 714 ἄστυρον
974 656 1241 712 οἷγγελιώτης.
1302 659 1490 701 Conieci:

601 726 646 777 ὃς
679 730 714 769 δ’
745 725 917 777 ὤκιστος
952 731 993 778 ἐς
1026 725 1211 781 ἇστυρον
1241 729 1495 784 ιίγγελιώτης
1526 755 1593 769 -.

109 803 353 856 sequebatur
386 799 579 853 ἔδραμε,
629 801 694 841 vel
725 800 861 853 ἵκετο,
910 795 1055 853 ἤλυθε.
1128 798 1176 850 ὃς
1223 803 1276 854 δ’,
1317 807 1358 841 ut
1406 802 1445 841 in
1491 803 1649 855 Fragm.

110 875 455 916 CCCCXXXVIII.
499 875 549 915 de
594 875 776 916 Scirone.
848 874 1095 927 Intelligetur
1143 879 1273 914 autem
1323 879 1389 914 aut
1435 875 1580 913 missus
1628 887 1651 914 a

108 948 267 988 Theseo
297 960 370 1000 pro
402 959 632 1000 praecone,
674 951 741 987 aut
783 951 926 998 sponte
958 948 1154 987 excitatus
1198 947 1343 997 homo,
1382 958 1650 998 praecurrens

109 1021 256 1061 lentius
286 1020 563 1074 progredienti
611 1033 700 1060 cum
746 1024 860 1059 tauro
901 1020 1074 1059 Theseo.
1190 1014 1365 1066 ὤκιστος
1412 1011 1648 1059 necessaria

111 1093 364 1143 emendatio,
397 1093 502 1132 facta
535 1105 557 1131 a
590 1092 784 1132 Bentleio.
845 1092 975 1143 Atque
1021 1087 1195 1138 ὤκιστος
1240 1104 1346 1131 nunc
1390 1093 1428 1131 in
1467 1092 1590 1132 Suida
1625 1103 1648 1130 e

111 1166 204 1206 cod.
237 1167 284 1206 A.
316 1165 439 1205 edidit
460 1164 725 1208 Gaisfordius.
788 1165 998 1217 vulgatum
1028 1168 1119 1203 ante
1149 1159 1297 1219 ᾤκιστο
1321 1165 1428 1216 qnod
1458 1163 1650 1204 defendi-

109 1244 174 1280 tur
205 1252 225 1278 a
257 1239 408 1292 Toupio
437 1238 631 1278 Emendd.
664 1239 702 1278 in
735 1236 844 1280 Suid.
876 1238 913 1277 P.
947 1237 990 1277 V.
1021 1237 1108 1277 Vol.
1139 1236 1202 1276 Ill.
1233 1249 1271 1288 p.
1302 1238 1369 1277 40.
1401 1249 1459 1289 sq.
1506 1237 1568 1286 (T.
1600 1236 1649 1276 11.

107 1323 146 1364 p.
181 1310 272 1351 179.
305 1323 364 1363 sq.
392 1311 537 1363 Lips.),
570 1310 605 1350 is
636 1314 728 1350 ante
761 1321 959 1349 excusare
990 1308 1139 1348 hiatum
1172 1308 1385 1348 debuerat:
1418 1309 1525 1361 quod
1555 1308 1643 1348 fieri

108 1384 258 1436 nequit.
317 1383 426 1423 Idem
459 1387 578 1423 antea
609 1382 805 1422 Emendd.
847 1382 887 1421 in
919 1381 1097 1434 Hesych.
1132 1380 1217 1420 Vol.
1253 1381 1315 1421 IV.
1348 1394 1386 1433 p.
1420 1381 1515 1421 304.
1545 1377 1649 1421 α’)’κι-

108 1472 219 1498 στον
259 1457 519 1507 coniecerat,
563 1460 602 1495 et
641 1454 816 1496 sortasse
850 1455 973 1495 fnisse
1013 1448 1170 1508 ἤλυθεν
1199 1450 1287 1494 ὅστ’
1332 1448 1537 1505 ὤκιστον,
1582 1454 1650 1505 qui

109 1528 316 1569 celerrime
345 1527 509 1567 nuntius
538 1527 632 1567 ibat.
679 1532 796 1580 atque
825 1539 876 1568 eo
923 1528 1099 1567 sortasse
1142 1527 1373 1579 respexisse
1403 1526 1650 1579 Hesychium

109 1602 247 1655 glossa
284 1601 387 1641 hac:
430 1595 629 1641 ὤκιστον·
670 1597 886 1653 τάχιστον.
957 1599 1280 1654 Hemsterhusius
1323 1596 1407 1639 301⁷
1446 1592 1516 1638 ὦκ’
1560 1596 1649 1640 ἷκτο

109 1678 390 1728 proposuerat.
475 1673 591 1713 Meae
624 1674 857 1726 opinationi,
889 1673 939 1714 de
967 1673 1239 1726 praecedente
1269 1673 1466 1712 Theseum
1496 1673 1645 1712 nuncio

108 1747 202 1788 illud
237 1747 499 1799 accipientis,
530 1746 623 1799 quid
655 1746 907 1787 tribuendum
931 1747 1006 1797 sit,
1039 1746 1228 1786 iudicium
1265 1750 1353 1785 esto
1396 1744 1499 1798 apud
1532 1745 1646 1785 alios.

109 1814 294 1870 ἅστυρον
341 1819 499 1871 quidem
549 1831 629 1859 non
670 1819 808 1872 inepte
856 1818 1040 1859 dicentur
1076 1818 1290 1870 Athenae,
1336 1819 1422 1857 sive
1462 1818 1648 1858 consulto

109 1885 296 1941 ἅστυρον
327 1891 432 1943 dici,
464 1902 547 1931 non
579 1886 698 1942 ἄστυ,
731 1892 916 1943 quoniam
948 1896 1026 1930 tum
1056 1891 1232 1931 nondum
1266 1895 1381 1930 aucta
1411 1894 1529 1943 atque
1559 1903 1649 1930 am-

109 1962 279 2015 plificata
326 1963 376 2004 ad
420 1976 532 2005 suam
576 1964 891 2018 magnitudinem
935 1965 1030 2004 urbs
1078 1964 1324 2004 Athenarum
1367 1962 1516 2013 suerit,
1559 1963 1648 2002 sive

109 2032 297 2089 ἄστυρου
327 2036 434 2077 idem
466 2048 558 2077 esse
588 2036 831 2077 Callimacho
863 2042 982 2089 atque
1012 2031 1117 2077 ἄστυ
1149 2040 1313 2076 statuas.
1374 2034 1432 2074 Cf.
1465 2029 1649 2087 ἄστυρον

111 2109 260 2151 Callim.
292 2111 354 2151 Fr.
386 2110 491 2150 XIX.
526 2111 620 2151 CIV.
690 2111 858 2152 Nicand.
897 2109 1082 2162 Alexiph.
1126 2110 1188 2148 15.
1225 2108 1314 2147 131.
1430 2106 1519 2146 Non
1560 2105 1647 2158 plus

109 2183 241 2222 tribuo
295 2183 409 2223 alteri
458 2185 720 2224 coniecturae
762 2196 906 2232 meae,
958 2196 1034 2236 qua
1085 2182 1164 2222 huc
1213 2179 1443 2220 referebam
1487 2179 1646 2231 Fragm.

112 2255 344 2296 CCXLVIII.
383 2255 482 2296 ου’ὁὲ
512 2255 589 2309 βοή
623 2252 801 2308 κήρυκος
832 2255 1008 2295 ἐλίνυσε.
1068 2253 1272 2307 κήρυκοςε
1305 2253 1391 2293 sive
1426 2252 1538 2302 eius,
1582 2251 1649 2302 qui

111 2328 382 2379 praecedebat
403 2328 614 2379 Theseum,
647 2326 913 2382 ἀγγελιώτης,
943 2339 1024 2368 non
1057 2338 1179 2366 verus
1208 2337 1382 2378 praeco;
1409 2325 1509 2374 sive,
1540 2323 1649 2376 quod

111 2398 265 2449 malim,
296 2400 380 2439 veri
416 2400 656 2452 praeconis,
687 2399 752 2451 qui
782 2405 1039 2451 accesserat,
1073 2412 1191 2452 quum
1227 2402 1469 2450 conspectus
1505 2409 1528 2436 e
1556 2396 1649 2435 lon-

110 2472 262 2524 ginquo
294 2473 616 2524 appropinquans
658 2471 709 2511 ad
739 2471 878 2511 urbem
909 2470 1088 2510 Theseus
1119 2473 1241 2509 esset.
1301 2469 1337 2508 Is
1371 2479 1505 2517 nunc,
1545 2478 1649 2519 quae

112 2554 200 2583 mea
232 2543 480 2593 coniectura,
509 2556 582 2596 per
604 2544 744 2583 urbem
777 2543 941 2582 nunciat
969 2541 1186 2591 Theseum,
1214 2541 1503 2592 victoriamque
1537 2539 1647 2578 The-

113 2613 186 2652 sei.
247 2612 549 2654 Obversabatur
578 2613 808 2654 Plutarchus
841 2613 956 2653 Thes.
989 2626 1023 2652 c.
1057 2613 1120 2652 22.
1156 2612 1317 2664 κήρυκα
1349 2612 1393 2651 δὲ
1427 2608 1646 2650 (ἐπέστειλε

114 2693 159 2735 (e
191 2686 306 2727 Creta
336 2689 465 2728 redux
492 2688 692 2738 Theseus,
727 2687 911 2739 appulsus
944 2688 982 2726 in
1012 2690 1129 2738 portu
1160 2683 1374 2732 Phalereo]
1406 2683 1480 2735 τῆς
1508 2697 1648 2734 σωτη-

111 2758 206 2811 ρίας
237 2755 410 2812 ἄγγελον
441 2759 498 2806 εἰς
530 2754 648 2800 ἄστυ.
709 2758 905 2810 Quicquid
935 2758 1050 2797 huius
1082 2758 1142 2797 rei
1175 2758 1246 2806 sit,
1277 2755 1327 2795 de
1355 2755 1490 2794 verbis
1522 2758 1648 2793 restat

112 2831 301 2883 suspicio.
362 2831 409 2872 Et
448 2832 539 2872 olim
579 2832 736 2883 quidem
784 2832 872 2872 sine
913 2829 1180 2870 haesitatione
1223 2827 1507 2881 corrigendum
1554 2837 1647 2866 esse
