<?xml version="1.0" encoding="UTF-8"?>
<!DOCTYPE html PUBLIC "-//W3C//DTD XHTML 1.0 Transitional//EN"
    "http://www.w3.org/TR/xhtml1/DTD/xhtml1-transitional.dtd">
<html xmlns="http://www.w3.org/1999/xhtml" xml:lang="en" lang="en">
 <head>
  <title>
</title>
<meta http-equiv="Content-Type" content="text/html;charset=utf-8" />
  <meta name='ocr-system' content='tesseract 3.04.00' />
  <meta name='ocr-capabilities' content='ocr_page ocr_carea ocr_par ocr_line ocrx_word'/>
</head>
<body>
  <div class='ocr_page' id='page_1' title='image "./opusculaphilolog02naekuoft_0220.png"; bbox 0 0 1856 3126; ppageno 0'>
   <div class='ocr_carea' id='block_1_1' title="bbox 763 139 1068 177">
    <p class='ocr_par' dir='ltr' id='par_1_1' title="bbox 763 139 1068 177">
     <span class='ocr_line' id='line_1_1' title="bbox 763 139 1068 177; baseline 0 0"><span class='ocrx_word' id='word_1_1' title='bbox 763 139 1068 177; x_wconf 79' lang='lat'>—210—</span> 
     </span>
    </p>
   </div>
   <div class='ocr_carea' id='block_1_2' title="bbox 151 249 1717 2880">
    <p class='ocr_par' dir='ltr' id='par_1_2' title="bbox 151 249 1717 2880">
     <span class='ocr_line' id='line_1_2' title="bbox 151 249 1680 308; baseline -0.003 -10"><span class='ocrx_word' id='word_1_2' title='bbox 151 259 265 307; x_wconf 82' lang='lat' dir='ltr'><strong>Quae</strong></span> <span class='ocrx_word' id='word_1_3' title='bbox 306 255 471 296; x_wconf 85' lang='lat' dir='ltr'>mirifice</span> <span class='ocrx_word' id='word_1_4' title='bbox 514 256 748 308; x_wconf 88' lang='lat' dir='ltr'>conspirant</span> <span class='ocrx_word' id='word_1_5' title='bbox 789 268 876 297; x_wconf 86' lang='lat' dir='ltr'>cum</span> <span class='ocrx_word' id='word_1_6' title='bbox 907 255 1139 294; x_wconf 81' lang='lat' dir='ltr'>narratione</span> <span class='ocrx_word' id='word_1_7' title='bbox 1169 251 1430 305; x_wconf 83' lang='lat' dir='ltr'>Apollodori:</span> <span class='ocrx_word' id='word_1_8' title='bbox 1472 249 1680 301; x_wconf 71' lang='grc' dir='ltr'><em>μαθοῦσα</em></span> 
     </span>
     <span class='ocr_line' id='line_1_3' title="bbox 152 320 1684 380; baseline -0.005 -10"><span class='ocrx_word' id='word_1_9' title='bbox 152 332 198 370; x_wconf 72' lang='grc' dir='ltr'>δὲ</span> <span class='ocrx_word' id='word_1_10' title='bbox 228 328 326 380; x_wconf 76' lang='grc' dir='ltr'>παρ’</span> <span class='ocrx_word' id='word_1_11' title='bbox 351 326 628 378; x_wconf 77' lang='grc' dir='ltr'><em>Ἑρμιονέων,</em></span> <span class='ocrx_word' id='word_1_12' title='bbox 667 320 728 366; x_wconf 76' lang='grc' dir='ltr'>ὅτι</span> <span class='ocrx_word' id='word_1_13' title='bbox 759 323 969 366; x_wconf 68' lang='grc' dir='ltr'><em>Πλούτων</em></span> <span class='ocrx_word' id='word_1_14' title='bbox 1006 323 1136 378; x_wconf 65' lang='grc' dir='ltr'><em>αὐτὴν</em></span> <span class='ocrx_word' id='word_1_15' title='bbox 1183 321 1395 378; x_wconf 75' lang='grc' dir='ltr'>ἥρπασεν,</span> <span class='ocrx_word' id='word_1_16' title='bbox 1447 324 1499 364; x_wconf 85' lang='lat' dir='ltr'>ita</span> <span class='ocrx_word' id='word_1_17' title='bbox 1543 327 1586 364; x_wconf 78' lang='lat' dir='ltr'>ut</span> <span class='ocrx_word' id='word_1_18' title='bbox 1631 334 1684 363; x_wconf 82' lang='lat' dir='ltr'>ex</span> 
     </span>
     <span class='ocr_line' id='line_1_4' title="bbox 154 393 1684 449; baseline -0.004 -8"><span class='ocrx_word' id='word_1_19' title='bbox 154 400 276 442; x_wconf 88' lang='lat' dir='ltr'>Suida</span> <span class='ocrx_word' id='word_1_20' title='bbox 308 398 482 449; x_wconf 86' lang='lat' dir='ltr'>suppleri</span> <span class='ocrx_word' id='word_1_21' title='bbox 511 397 650 448; x_wconf 81' lang='lat' dir='ltr'>possit,</span> <span class='ocrx_word' id='word_1_22' title='bbox 681 396 787 448; x_wconf 90' lang='lat' dir='ltr'>quod</span> <span class='ocrx_word' id='word_1_23' title='bbox 821 396 871 435; x_wconf 91' lang='lat' dir='ltr'>ad</span> <span class='ocrx_word' id='word_1_24' title='bbox 893 396 968 435; x_wconf 87' lang='lat' dir='ltr'>alia</span> <span class='ocrx_word' id='word_1_25' title='bbox 992 406 1213 447; x_wconf 90' lang='lat' dir='ltr'>properans</span> <span class='ocrx_word' id='word_1_26' title='bbox 1244 396 1376 435; x_wconf 88' lang='lat' dir='ltr'>omisit</span> <span class='ocrx_word' id='word_1_27' title='bbox 1397 393 1684 447; x_wconf 90' lang='lat' dir='ltr'>Apollodorus.</span> 
     </span>
     <span class='ocr_line' id='line_1_5' title="bbox 154 467 1684 523; baseline -0.005 -10"><span class='ocrx_word' id='word_1_28' title='bbox 154 473 252 514; x_wconf 79' lang='lat' dir='ltr'>Nam</span> <span class='ocrx_word' id='word_1_29' title='bbox 281 469 552 523; x_wconf 80' lang='lat' dir='ltr'>Apollodorus</span> <span class='ocrx_word' id='word_1_30' title='bbox 582 469 819 508; x_wconf 82' lang='lat' dir='ltr'>beneficium</span> <span class='ocrx_word' id='word_1_31' title='bbox 855 479 1171 508; x_wconf 71' lang='lat' dir='ltr'>conmemorare</span> <span class='ocrx_word' id='word_1_32' title='bbox 1202 468 1551 508; x_wconf 83' lang='lat' dir='ltr'>Hermionensium</span> <span class='ocrx_word' id='word_1_33' title='bbox 1585 467 1684 505; x_wconf 87' lang='lat' dir='ltr'>satis</span> 
     </span>
     <span class='ocr_line' id='line_1_6' title="bbox 156 539 1682 592; baseline -0.005 -8"><span class='ocrx_word' id='word_1_34' title='bbox 156 544 312 592; x_wconf 80' lang='lat' dir='ltr'>habuit3</span> <span class='ocrx_word' id='word_1_35' title='bbox 343 542 486 583; x_wconf 86' lang='lat' dir='ltr'>Suidas</span> <span class='ocrx_word' id='word_1_36' title='bbox 516 553 538 580; x_wconf 91' lang='lat' dir='ltr'>e</span> <span class='ocrx_word' id='word_1_37' title='bbox 568 540 810 580; x_wconf 81' lang='lat' dir='ltr'>Callimacho</span> <span class='ocrx_word' id='word_1_38' title='bbox 840 544 879 579; x_wconf 92' lang='lat' dir='ltr'>ct</span> <span class='ocrx_word' id='word_1_39' title='bbox 917 539 1152 579; x_wconf 81' lang='lat' dir='ltr'>beneficium</span> <span class='ocrx_word' id='word_1_40' title='bbox 1183 543 1494 589; x_wconf 85' lang='lat' dir='ltr'>commemorat,</span> <span class='ocrx_word' id='word_1_41' title='bbox 1527 541 1567 577; x_wconf 87' lang='lat' dir='ltr'>et</span> <span class='ocrx_word' id='word_1_42' title='bbox 1603 547 1682 589; x_wconf 89' lang='lat' dir='ltr'>quo</span> 
     </span>
     <span class='ocr_line' id='line_1_7' title="bbox 158 609 1686 664; baseline -0.004 -10"><span class='ocrx_word' id='word_1_43' title='bbox 158 616 282 654; x_wconf 87' lang='lat' dir='ltr'>Ceres</span> <span class='ocrx_word' id='word_1_44' title='bbox 319 613 441 653; x_wconf 92' lang='lat' dir='ltr'>modo</span> <span class='ocrx_word' id='word_1_45' title='bbox 476 611 570 652; x_wconf 90' lang='lat' dir='ltr'>illud</span> <span class='ocrx_word' id='word_1_46' title='bbox 609 615 863 651; x_wconf 84' lang='lat' dir='ltr'>remunerata</span> <span class='ocrx_word' id='word_1_47' title='bbox 899 612 960 651; x_wconf 89' lang='lat' dir='ltr'>sit.</span> <span class='ocrx_word' id='word_1_48' title='bbox 1003 609 1061 658; x_wconf 76' lang='grc' dir='ltr'>ὥς</span> <span class='ocrx_word' id='word_1_49' title='bbox 1103 612 1241 664; x_wconf 77' lang='grc' dir='ltr'><em>λέγει,</em></span> <span class='ocrx_word' id='word_1_50' title='bbox 1282 611 1370 652; x_wconf 90' lang='lat' dir='ltr'>scil.</span> <span class='ocrx_word' id='word_1_51' title='bbox 1404 609 1686 650; x_wconf 86' lang='lat' dir='ltr'>Callimachus.</span> 
     </span>
     <span class='ocr_line' id='line_1_8' title="bbox 159 681 1686 738; baseline -0.005 -12"><span class='ocrx_word' id='word_1_52' title='bbox 159 686 383 726; x_wconf 87' lang='lat' dir='ltr'>Obscurum</span> <span class='ocrx_word' id='word_1_53' title='bbox 410 688 528 736; x_wconf 87' lang='lat' dir='ltr'>atque</span> <span class='ocrx_word' id='word_1_54' title='bbox 558 687 783 735; x_wconf 90' lang='lat' dir='ltr'>suspectum</span> <span class='ocrx_word' id='word_1_55' title='bbox 816 682 937 732; x_wconf 86' lang='lat' dir='ltr'>illud,</span> <span class='ocrx_word' id='word_1_56' title='bbox 969 683 1012 722; x_wconf 83' lang='grc' dir='ltr'>ἐν</span> <span class='ocrx_word' id='word_1_57' title='bbox 1048 683 1255 738; x_wconf 69' lang='grc' dir='ltr'>Αἰγιαλῷ.</span> <span class='ocrx_word' id='word_1_58' title='bbox 1325 681 1443 730; x_wconf 84' lang='lat' dir='ltr'>Quod</span> <span class='ocrx_word' id='word_1_59' title='bbox 1481 685 1521 720; x_wconf 91' lang='lat' dir='ltr'>et</span> <span class='ocrx_word' id='word_1_60' title='bbox 1561 691 1686 731; x_wconf 88' lang='lat' dir='ltr'>supe-</span> 
     </span>
     <span class='ocr_line' id='line_1_9' title="bbox 160 751 1688 806; baseline -0.005 -7"><span class='ocrx_word' id='word_1_61' title='bbox 160 759 259 799; x_wconf 87' lang='lat' dir='ltr'>riori</span> <span class='ocrx_word' id='word_1_62' title='bbox 291 756 620 797; x_wconf 85' lang='lat' dir='ltr'>demonstrationi</span> <span class='ocrx_word' id='word_1_63' title='bbox 659 759 843 805; x_wconf 85' lang='lat' dir='ltr'>nostrae,</span> <span class='ocrx_word' id='word_1_64' title='bbox 878 766 954 806; x_wconf 87' lang='lat' dir='ltr'>qua</span> <span class='ocrx_word' id='word_1_65' title='bbox 994 754 1045 793; x_wconf 89' lang='lat' dir='ltr'>ad</span> <span class='ocrx_word' id='word_1_66' title='bbox 1088 753 1332 794; x_wconf 72' lang='lat' dir='ltr'>Hermionen</span> <span class='ocrx_word' id='word_1_67' title='bbox 1376 753 1581 795; x_wconf 79' lang='lat' dir='ltr'>retulimus</span> <span class='ocrx_word' id='word_1_68' title='bbox 1623 751 1688 791; x_wconf 84' lang='lat' dir='ltr'>lo-</span> 
     </span>
     <span class='ocr_line' id='line_1_10' title="bbox 159 825 1689 880; baseline -0.005 -10"><span class='ocrx_word' id='word_1_69' title='bbox 159 842 248 870; x_wconf 91' lang='lat' dir='ltr'>cum</span> <span class='ocrx_word' id='word_1_70' title='bbox 284 828 531 876; x_wconf 86' lang='lat' dir='ltr'>Callimachi,</span> <span class='ocrx_word' id='word_1_71' title='bbox 561 839 788 880; x_wconf 82' lang='lat' dir='ltr'>repugnare</span> <span class='ocrx_word' id='word_1_72' title='bbox 819 827 1001 877; x_wconf 79' lang='lat' dir='ltr'>videtur,</span> <span class='ocrx_word' id='word_1_73' title='bbox 1034 831 1072 866; x_wconf 91' lang='lat' dir='ltr'>ct</span> <span class='ocrx_word' id='word_1_74' title='bbox 1102 839 1175 879; x_wconf 85' lang='lat' dir='ltr'>per</span> <span class='ocrx_word' id='word_1_75' title='bbox 1218 839 1263 868; x_wconf 89' lang='lat' dir='ltr'>se</span> <span class='ocrx_word' id='word_1_76' title='bbox 1304 831 1365 867; x_wconf 89' lang='lat' dir='ltr'>cst</span> <span class='ocrx_word' id='word_1_77' title='bbox 1396 826 1446 866; x_wconf 87' lang='lat' dir='ltr'>ad</span> <span class='ocrx_word' id='word_1_78' title='bbox 1479 825 1689 877; x_wconf 87' lang='lat' dir='ltr'>explican-</span> 
     </span>
     <span class='ocr_line' id='line_1_11' title="bbox 160 897 1687 951; baseline -0.003 -11"><span class='ocrx_word' id='word_1_79' title='bbox 160 900 251 941; x_wconf 89' lang='lat' dir='ltr'>dum</span> <span class='ocrx_word' id='word_1_80' title='bbox 281 900 455 940; x_wconf 85' lang='lat' dir='ltr'>difficile.</span> <span class='ocrx_word' id='word_1_81' title='bbox 517 899 591 947; x_wconf 82' lang='lat' dir='ltr'>Qui</span> <span class='ocrx_word' id='word_1_82' title='bbox 610 899 731 948; x_wconf 88' lang='lat' dir='ltr'>enim,</span> <span class='ocrx_word' id='word_1_83' title='bbox 763 898 825 938; x_wconf 85' lang='lat' dir='ltr'>vel</span> <span class='ocrx_word' id='word_1_84' title='bbox 855 910 956 951; x_wconf 87' lang='lat' dir='ltr'>quae</span> <span class='ocrx_word' id='word_1_85' title='bbox 984 897 1207 950; x_wconf 63' lang='lat' dir='ltr'>Aegialus?</span> <span class='ocrx_word' id='word_1_86' title='bbox 1253 898 1465 950; x_wconf 78' lang='grc' dir='ltr'>Αἰγιαλόν</span> <span class='ocrx_word' id='word_1_87' title='bbox 1487 897 1687 946; x_wconf 81' lang='lat' dir='ltr'>novimus,</span> 
     </span>
     <span class='ocr_line' id='line_1_12' title="bbox 160 969 1689 1024; baseline -0.003 -11"><span class='ocrx_word' id='word_1_88' title='bbox 160 985 193 1013; x_wconf 92' lang='lat' dir='ltr'>s.</span> <span class='ocrx_word' id='word_1_89' title='bbox 223 969 491 1024; x_wconf 71' lang='grc' dir='ltr'>Αἰγιάλειαν,</span> <span class='ocrx_word' id='word_1_90' title='bbox 521 983 622 1022; x_wconf 85' lang='lat' dir='ltr'>quae</span> <span class='ocrx_word' id='word_1_91' title='bbox 639 970 793 1012; x_wconf 86' lang='lat' dir='ltr'>Achaia</span> <span class='ocrx_word' id='word_1_92' title='bbox 821 975 976 1022; x_wconf 85' lang='lat' dir='ltr'>postea,</span> <span class='ocrx_word' id='word_1_93' title='bbox 1006 982 1057 1008; x_wconf 82' lang='lat' dir='ltr'>cx</span> <span class='ocrx_word' id='word_1_94' title='bbox 1077 970 1266 1019; x_wconf 80' lang='lat' dir='ltr'>Homero,</span> <span class='ocrx_word' id='word_1_95' title='bbox 1295 969 1510 1019; x_wconf 83' lang='lat' dir='ltr'>Strabone,</span> <span class='ocrx_word' id='word_1_96' title='bbox 1533 970 1689 1008; x_wconf 88' lang='lat' dir='ltr'>Pausa-</span> 
     </span>
     <span class='ocr_line' id='line_1_13' title="bbox 160 1039 1688 1093; baseline -0.002 -11"><span class='ocrx_word' id='word_1_97' title='bbox 160 1044 251 1092; x_wconf 89' lang='lat' dir='ltr'>nia,</span> <span class='ocrx_word' id='word_1_98' title='bbox 282 1042 391 1091; x_wconf 81' lang='lat' dir='ltr'>ahis,</span> <span class='ocrx_word' id='word_1_99' title='bbox 426 1046 543 1093; x_wconf 89' lang='lat' dir='ltr'>atque</span> <span class='ocrx_word' id='word_1_100' title='bbox 585 1042 671 1093; x_wconf 91' lang='lat' dir='ltr'>ipso</span> <span class='ocrx_word' id='word_1_101' title='bbox 703 1039 946 1082; x_wconf 80' lang='lat' dir='ltr'>Callimacho</span> <span class='ocrx_word' id='word_1_102' title='bbox 980 1039 1018 1078; x_wconf 91' lang='lat' dir='ltr'>h.</span> <span class='ocrx_word' id='word_1_103' title='bbox 1051 1040 1090 1078; x_wconf 90' lang='lat' dir='ltr'>in</span> <span class='ocrx_word' id='word_1_104' title='bbox 1122 1040 1209 1080; x_wconf 89' lang='lat' dir='ltr'>Del.</span> <span class='ocrx_word' id='word_1_105' title='bbox 1242 1039 1308 1080; x_wconf 86' lang='lat'>73.</span> <span class='ocrx_word' id='word_1_106' title='bbox 1369 1040 1527 1080; x_wconf 89' lang='lat' dir='ltr'>Addam</span> <span class='ocrx_word' id='word_1_107' title='bbox 1568 1051 1688 1080; x_wconf 89' lang='lat' dir='ltr'>unum</span> 
     </span>
     <span class='ocr_line' id='line_1_14' title="bbox 166 1111 1692 1164; baseline -0.002 -11"><span class='ocrx_word' id='word_1_108' title='bbox 166 1114 216 1154; x_wconf 88' lang='lat' dir='ltr'>de</span> <span class='ocrx_word' id='word_1_109' title='bbox 248 1113 507 1163; x_wconf 80' lang='lat' dir='ltr'>doctioribus,</span> <span class='ocrx_word' id='word_1_110' title='bbox 537 1113 731 1164; x_wconf 88' lang='lat' dir='ltr'>simulque</span> <span class='ocrx_word' id='word_1_111' title='bbox 763 1111 811 1151; x_wconf 92' lang='lat' dir='ltr'>de</span> <span class='ocrx_word' id='word_1_112' title='bbox 844 1111 1091 1151; x_wconf 75' lang='lat' dir='ltr'>doctioribus</span> <span class='ocrx_word' id='word_1_113' title='bbox 1119 1112 1403 1164; x_wconf 79' lang='lat' dir='ltr'>interpretibus</span> <span class='ocrx_word' id='word_1_114' title='bbox 1431 1124 1576 1152; x_wconf 82' lang='lat' dir='ltr'>unum:</span> <span class='ocrx_word' id='word_1_115' title='bbox 1607 1111 1692 1150; x_wconf 90' lang='lat' dir='ltr'>Eu-</span> 
     </span>
     <span class='ocr_line' id='line_1_15' title="bbox 163 1182 1691 1239; baseline 0.001 -14"><span class='ocrx_word' id='word_1_116' title='bbox 163 1185 399 1239; x_wconf 87' lang='lat' dir='ltr'>phorionem</span> <span class='ocrx_word' id='word_1_117' title='bbox 432 1185 493 1224; x_wconf 85' lang='lat' dir='ltr'>Fr.</span> <span class='ocrx_word' id='word_1_118' title='bbox 523 1184 680 1224; x_wconf 90' lang='lat' dir='ltr'>LXXX.</span> <span class='ocrx_word' id='word_1_119' title='bbox 713 1185 846 1236; x_wconf 88' lang='lat' dir='ltr'>ibique</span> <span class='ocrx_word' id='word_1_120' title='bbox 877 1183 1139 1223; x_wconf 85' lang='lat' dir='ltr'>Meinckium:</span> <span class='ocrx_word' id='word_1_121' title='bbox 1172 1183 1261 1223; x_wconf 87' lang='lat' dir='ltr'>coll.</span> <span class='ocrx_word' id='word_1_122' title='bbox 1293 1183 1410 1223; x_wconf 90' lang='lat' dir='ltr'>Anth.</span> <span class='ocrx_word' id='word_1_123' title='bbox 1442 1184 1560 1224; x_wconf 90' lang='lat' dir='ltr'>Palat.</span> <span class='ocrx_word' id='word_1_124' title='bbox 1584 1182 1691 1226; x_wconf 82' lang='lat' dir='ltr'>T.1[.</span> 
     </span>
     <span class='ocr_line' id='line_1_16' title="bbox 162 1252 1693 1310; baseline -0.003 -13"><span class='ocrx_word' id='word_1_125' title='bbox 162 1271 200 1310; x_wconf 90' lang='lat' dir='ltr'>p.</span> <span class='ocrx_word' id='word_1_126' title='bbox 239 1256 328 1297; x_wconf 81' lang='lat'>166.</span> <span class='ocrx_word' id='word_1_127' title='bbox 360 1256 458 1297; x_wconf 59' lang='lat'>2264.</span> <span class='ocrx_word' id='word_1_128' title='bbox 489 1269 577 1296; x_wconf 91' lang='lat' dir='ltr'>cum</span> <span class='ocrx_word' id='word_1_129' title='bbox 610 1260 744 1295; x_wconf 89' lang='lat' dir='ltr'>annot.</span> <span class='ocrx_word' id='word_1_130' title='bbox 777 1255 936 1295; x_wconf 89' lang='lat' dir='ltr'>lacobs.</span> <span class='ocrx_word' id='word_1_131' title='bbox 1005 1255 1196 1295; x_wconf 76' lang='lat' dir='ltr'>Novimus</span> <span class='ocrx_word' id='word_1_132' title='bbox 1234 1255 1334 1295; x_wconf 85' lang='lat' dir='ltr'>alios</span> <span class='ocrx_word' id='word_1_133' title='bbox 1371 1252 1603 1308; x_wconf 75' lang='grc' dir='ltr'><em>Αἰγιαλοὺς</em></span> <span class='ocrx_word' id='word_1_134' title='bbox 1641 1265 1693 1293; x_wconf 88' lang='lat' dir='ltr'>ex</span> 
     </span>
     <span class='ocr_line' id='line_1_17' title="bbox 164 1324 1695 1383; baseline -0.005 -11"><span class='ocrx_word' id='word_1_135' title='bbox 164 1330 368 1383; x_wconf 86' lang='lat' dir='ltr'>Stephano</span> <span class='ocrx_word' id='word_1_136' title='bbox 399 1328 492 1381; x_wconf 75' lang='lat' dir='ltr'>Byz.</span> <span class='ocrx_word' id='word_1_137' title='bbox 521 1340 558 1367; x_wconf 90' lang='lat' dir='ltr'>v.</span> <span class='ocrx_word' id='word_1_138' title='bbox 589 1324 810 1380; x_wconf 74' lang='grc' dir='ltr'>Αἰγιαλός.</span> <span class='ocrx_word' id='word_1_139' title='bbox 871 1327 923 1366; x_wconf 88' lang='lat' dir='ltr'>At</span> <span class='ocrx_word' id='word_1_140' title='bbox 943 1327 1084 1367; x_wconf 89' lang='lat' dir='ltr'>Suidas</span> <span class='ocrx_word' id='word_1_141' title='bbox 1108 1327 1275 1381; x_wconf 70' lang='lat' dir='ltr'>videtur,</span> <span class='ocrx_word' id='word_1_142' title='bbox 1299 1339 1414 1379; x_wconf 88' lang='lat' dir='ltr'>quum</span> <span class='ocrx_word' id='word_1_143' title='bbox 1436 1328 1479 1367; x_wconf 81' lang='grc' dir='ltr'>ἐν</span> <span class='ocrx_word' id='word_1_144' title='bbox 1498 1326 1695 1380; x_wconf 74' lang='grc' dir='ltr'>Αἰγιαλῷ</span> 
     </span>
     <span class='ocr_line' id='line_1_18' title="bbox 167 1396 1694 1455; baseline -0.004 -12"><span class='ocrx_word' id='word_1_145' title='bbox 167 1403 353 1455; x_wconf 88' lang='lat' dir='ltr'>scripsit,</span> <span class='ocrx_word' id='word_1_146' title='bbox 384 1412 465 1441; x_wconf 91' lang='lat' dir='ltr'>non</span> <span class='ocrx_word' id='word_1_147' title='bbox 496 1412 683 1453; x_wconf 85' lang='lat' dir='ltr'>magnum</span> <span class='ocrx_word' id='word_1_148' title='bbox 714 1399 926 1439; x_wconf 86' lang='lat' dir='ltr'>littoralem</span> <span class='ocrx_word' id='word_1_149' title='bbox 960 1403 1153 1438; x_wconf 87' lang='lat' dir='ltr'>terrarum</span> <span class='ocrx_word' id='word_1_150' title='bbox 1185 1403 1350 1438; x_wconf 89' lang='lat' dir='ltr'>tractum</span> <span class='ocrx_word' id='word_1_151' title='bbox 1383 1398 1590 1448; x_wconf 89' lang='lat' dir='ltr'>indicare,</span> <span class='ocrx_word' id='word_1_152' title='bbox 1620 1396 1694 1436; x_wconf 89' lang='lat' dir='ltr'>sed</span> 
     </span>
     <span class='ocr_line' id='line_1_19' title="bbox 168 1470 1694 1526; baseline -0.004 -10"><span class='ocrx_word' id='word_1_153' title='bbox 168 1479 319 1516; x_wconf 87' lang='lat' dir='ltr'>certum</span> <span class='ocrx_word' id='word_1_154' title='bbox 364 1472 558 1526; x_wconf 86' lang='lat' dir='ltr'>quendam</span> <span class='ocrx_word' id='word_1_155' title='bbox 605 1472 761 1523; x_wconf 90' lang='lat' dir='ltr'>locum,</span> <span class='ocrx_word' id='word_1_156' title='bbox 808 1471 1019 1524; x_wconf 87' lang='lat' dir='ltr'>oppidum,</span> <span class='ocrx_word' id='word_1_157' title='bbox 1070 1472 1214 1510; x_wconf 86' lang='lat' dir='ltr'>vicum.</span> <span class='ocrx_word' id='word_1_158' title='bbox 1296 1471 1375 1510; x_wconf 86' lang='lat' dir='ltr'>Iam</span> <span class='ocrx_word' id='word_1_159' title='bbox 1425 1475 1486 1510; x_wconf 91' lang='lat' dir='ltr'>est</span> <span class='ocrx_word' id='word_1_160' title='bbox 1535 1470 1694 1523; x_wconf 88' lang='lat' dir='ltr'>quidem</span> 
     </span>
     <span class='ocr_line' id='line_1_20' title="bbox 167 1542 1694 1600; baseline -0.004 -13"><span class='ocrx_word' id='word_1_161' title='bbox 167 1546 335 1600; x_wconf 63' lang='lat' dir='ltr'>Aegiale</span> <span class='ocrx_word' id='word_1_162' title='bbox 363 1558 395 1586; x_wconf 84' lang='lat' dir='ltr'>s,</span> <span class='ocrx_word' id='word_1_163' title='bbox 426 1544 618 1597; x_wconf 59' lang='lat' dir='ltr'>Aeya‘alea</span> <span class='ocrx_word' id='word_1_164' title='bbox 647 1545 961 1596; x_wconf 88' lang='lat' dir='ltr'>antiquissimum</span> <span class='ocrx_word' id='word_1_165' title='bbox 983 1544 1168 1596; x_wconf 75' lang='lat' dir='ltr'>Sicyonis</span> <span class='ocrx_word' id='word_1_166' title='bbox 1191 1544 1300 1583; x_wconf 90' lang='lat' dir='ltr'>urbis</span> <span class='ocrx_word' id='word_1_167' title='bbox 1322 1554 1493 1582; x_wconf 90' lang='lat' dir='ltr'>nomen:</span> <span class='ocrx_word' id='word_1_168' title='bbox 1524 1542 1694 1582; x_wconf 86' lang='lat' dir='ltr'>Pausan.</span> 
     </span>
     <span class='ocr_line' id='line_1_21' title="bbox 167 1614 1695 1669; baseline -0.003 -10"><span class='ocrx_word' id='word_1_169' title='bbox 167 1619 215 1663; x_wconf 85' lang='grc' dir='ltr'>ΙΙ.</span> <span class='ocrx_word' id='word_1_170' title='bbox 247 1619 286 1669; x_wconf 90' lang='lat'>5,</span> <span class='ocrx_word' id='word_1_171' title='bbox 317 1617 356 1661; x_wconf 81' lang='lat'>6.</span> <span class='ocrx_word' id='word_1_172' title='bbox 391 1617 429 1667; x_wconf 81' lang='lat'>6,</span> <span class='ocrx_word' id='word_1_173' title='bbox 458 1617 496 1656; x_wconf 85' lang='lat'>5.</span> <span class='ocrx_word' id='word_1_174' title='bbox 528 1616 569 1666; x_wconf 90' lang='lat'>7,</span> <span class='ocrx_word' id='word_1_175' title='bbox 598 1616 635 1656; x_wconf 89' lang='lat'>7.</span> <span class='ocrx_word' id='word_1_176' title='bbox 668 1615 719 1655; x_wconf 87' lang='lat' dir='ltr'>cf.</span> <span class='ocrx_word' id='word_1_177' title='bbox 748 1615 875 1656; x_wconf 87' lang='lat' dir='ltr'>Strab.</span> <span class='ocrx_word' id='word_1_178' title='bbox 894 1614 989 1654; x_wconf 89' lang='lat' dir='ltr'>VllI.</span> <span class='ocrx_word' id='word_1_179' title='bbox 1010 1627 1046 1667; x_wconf 87' lang='lat' dir='ltr'>p.</span> <span class='ocrx_word' id='word_1_180' title='bbox 1065 1616 1159 1655; x_wconf 81' lang='grc'><strong>382.</strong></span> <span class='ocrx_word' id='word_1_181' title='bbox 1193 1615 1308 1663; x_wconf 79' lang='lat'>(587.</span> <span class='ocrx_word' id='word_1_182' title='bbox 1329 1615 1400 1664; x_wconf 88' lang='lat' dir='ltr'>A.)</span> <span class='ocrx_word' id='word_1_183' title='bbox 1458 1614 1511 1654; x_wconf 89' lang='lat' dir='ltr'>At</span> <span class='ocrx_word' id='word_1_184' title='bbox 1532 1615 1695 1654; x_wconf 87' lang='lat' dir='ltr'>nomine</span> 
     </span>
     <span class='ocr_line' id='line_1_22' title="bbox 172 1685 1699 1742; baseline -0.004 -11"><span class='ocrx_word' id='word_1_185' title='bbox 172 1691 226 1731; x_wconf 92' lang='lat' dir='ltr'>ita</span> <span class='ocrx_word' id='word_1_186' title='bbox 272 1691 476 1742; x_wconf 86' lang='lat' dir='ltr'>antiquato</span> <span class='ocrx_word' id='word_1_187' title='bbox 518 1692 558 1727; x_wconf 91' lang='lat' dir='ltr'>ut</span> <span class='ocrx_word' id='word_1_188' title='bbox 602 1687 776 1739; x_wconf 89' lang='lat' dir='ltr'>potuerit</span> <span class='ocrx_word' id='word_1_189' title='bbox 819 1688 874 1726; x_wconf 89' lang='lat' dir='ltr'>uti</span> <span class='ocrx_word' id='word_1_190' title='bbox 916 1685 1206 1736; x_wconf 80' lang='lat' dir='ltr'>Callimachus,</span> <span class='ocrx_word' id='word_1_191' title='bbox 1239 1685 1426 1736; x_wconf 89' lang='lat' dir='ltr'>Suidam,</span> <span class='ocrx_word' id='word_1_192' title='bbox 1456 1685 1521 1725; x_wconf 88' lang='lat' dir='ltr'>vel</span> <span class='ocrx_word' id='word_1_193' title='bbox 1553 1697 1642 1725; x_wconf 87' lang='lat' dir='ltr'>eum</span> <span class='ocrx_word' id='word_1_194' title='bbox 1676 1696 1699 1725; x_wconf 85' lang='lat' dir='ltr'>a</span> 
     </span>
     <span class='ocr_line' id='line_1_23' title="bbox 175 1757 1700 1815; baseline -0.003 -13"><span class='ocrx_word' id='word_1_195' title='bbox 175 1773 254 1815; x_wconf 89' lang='lat' dir='ltr'>quo</span> <span class='ocrx_word' id='word_1_196' title='bbox 287 1773 359 1801; x_wconf 87' lang='lat' dir='ltr'>sua</span> <span class='ocrx_word' id='word_1_197' title='bbox 389 1760 508 1799; x_wconf 85' lang='lat' dir='ltr'>habet</span> <span class='ocrx_word' id='word_1_198' title='bbox 540 1758 694 1810; x_wconf 63' lang='lat' dir='ltr'>Suidam,</span> <span class='ocrx_word' id='word_1_199' title='bbox 726 1758 843 1797; x_wconf 86' lang='lat' dir='ltr'>aliam</span> <span class='ocrx_word' id='word_1_200' title='bbox 874 1758 1172 1797; x_wconf 89' lang='lat' dir='ltr'>substituturum</span> <span class='ocrx_word' id='word_1_201' title='bbox 1204 1757 1328 1797; x_wconf 85' lang='lat' dir='ltr'>fuisse</span> <span class='ocrx_word' id='word_1_202' title='bbox 1357 1758 1485 1811; x_wconf 82' lang='lat' dir='ltr'>magis</span> <span class='ocrx_word' id='word_1_203' title='bbox 1514 1758 1700 1798; x_wconf 88' lang='lat' dir='ltr'>usitatam</span> 
     </span>
     <span class='ocr_line' id='line_1_24' title="bbox 175 1828 1702 1887; baseline -0.003 -13"><span class='ocrx_word' id='word_1_204' title='bbox 175 1833 479 1887; x_wconf 82' lang='lat' dir='ltr'>appellationem</span> <span class='ocrx_word' id='word_1_205' title='bbox 511 1830 596 1869; x_wconf 86' lang='lat' dir='ltr'>veri</span> <span class='ocrx_word' id='word_1_206' title='bbox 627 1829 754 1869; x_wconf 86' lang='lat' dir='ltr'>simile</span> <span class='ocrx_word' id='word_1_207' title='bbox 792 1834 865 1869; x_wconf 86' lang='lat' dir='ltr'>est.</span> <span class='ocrx_word' id='word_1_208' title='bbox 923 1828 1094 1869; x_wconf 88' lang='lat' dir='ltr'>Accedit</span> <span class='ocrx_word' id='word_1_209' title='bbox 1125 1828 1231 1880; x_wconf 89' lang='lat' dir='ltr'>quod</span> <span class='ocrx_word' id='word_1_210' title='bbox 1269 1828 1416 1868; x_wconf 87' lang='lat' dir='ltr'>nullum</span> <span class='ocrx_word' id='word_1_211' title='bbox 1456 1828 1496 1868; x_wconf 91' lang='lat' dir='ltr'>in</span> <span class='ocrx_word' id='word_1_212' title='bbox 1530 1829 1702 1882; x_wconf 84' lang='lat' dir='ltr'>regione</span> 
     </span>
     <span class='ocr_line' id='line_1_25' title="bbox 179 1900 1702 1955; baseline -0.003 -10"><span class='ocrx_word' id='word_1_213' title='bbox 179 1906 244 1946; x_wconf 90' lang='lat' dir='ltr'>illa</span> <span class='ocrx_word' id='word_1_214' title='bbox 284 1901 544 1955; x_wconf 77' lang='grc' dir='ltr'><em>καταβάσιον</em></span> <span class='ocrx_word' id='word_1_215' title='bbox 580 1902 753 1943; x_wconf 89' lang='lat' dir='ltr'>memini.</span> <span class='ocrx_word' id='word_1_216' title='bbox 822 1902 891 1941; x_wconf 88' lang='lat' dir='ltr'>Est</span> <span class='ocrx_word' id='word_1_217' title='bbox 932 1902 1134 1942; x_wconf 83' lang='lat' dir='ltr'>in‘Ponto</span> <span class='ocrx_word' id='word_1_218' title='bbox 1175 1902 1371 1942; x_wconf 84' lang='lat' dir='ltr'>Strabone</span> <span class='ocrx_word' id='word_1_219' title='bbox 1414 1900 1498 1941; x_wconf 84' lang='grc' dir='ltr'>ΧΠ.</span> <span class='ocrx_word' id='word_1_220' title='bbox 1539 1913 1576 1953; x_wconf 90' lang='lat' dir='ltr'>p.</span> <span class='ocrx_word' id='word_1_221' title='bbox 1607 1901 1702 1945; x_wconf 77' lang='lat'>545.</span> 
     </span>
     <span class='ocr_line' id='line_1_26' title="bbox 179 1971 1705 2027; baseline -0.003 -10"><span class='ocrx_word' id='word_1_222' title='bbox 179 1977 295 2027; x_wconf 83' lang='grc'><strong>(820.</strong></span> <span class='ocrx_word' id='word_1_223' title='bbox 316 1976 385 2025; x_wconf 86' lang='lat' dir='ltr'>C.)</span> <span class='ocrx_word' id='word_1_224' title='bbox 418 1980 456 2014; x_wconf 92' lang='lat' dir='ltr'>et</span> <span class='ocrx_word' id='word_1_225' title='bbox 484 1974 685 2026; x_wconf 90' lang='lat' dir='ltr'>Stephano</span> <span class='ocrx_word' id='word_1_226' title='bbox 718 1974 741 2013; x_wconf 95' lang='lat' dir='ltr'>l.</span> <span class='ocrx_word' id='word_1_227' title='bbox 770 1974 796 2013; x_wconf 90' lang='lat'>1.</span> <span class='ocrx_word' id='word_1_228' title='bbox 832 1973 1065 2014; x_wconf 89' lang='lat' dir='ltr'>testantibus</span> <span class='ocrx_word' id='word_1_229' title='bbox 1095 1974 1240 2026; x_wconf 86' lang='lat' dir='ltr'>longus</span> <span class='ocrx_word' id='word_1_230' title='bbox 1269 1973 1490 2024; x_wconf 76' lang='grc' dir='ltr'><strong><em>Αἰγιαλός,</em></strong></span> <span class='ocrx_word' id='word_1_231' title='bbox 1518 1977 1558 2012; x_wconf 91' lang='lat' dir='ltr'>et</span> <span class='ocrx_word' id='word_1_232' title='bbox 1586 1971 1705 2026; x_wconf 80' lang='grc' dir='ltr'><strong><em>κώμη</em></strong></span> 
     </span>
     <span class='ocr_line' id='line_1_27' title="bbox 180 2044 1708 2100; baseline -0.003 -12"><span class='ocrx_word' id='word_1_233' title='bbox 180 2046 424 2100; x_wconf 75' lang='grc' dir='ltr'><em>ὁμώνυμος,</em></span> <span class='ocrx_word' id='word_1_234' title='bbox 457 2046 530 2086; x_wconf 85' lang='lat' dir='ltr'>sed</span> <span class='ocrx_word' id='word_1_235' title='bbox 563 2047 626 2086; x_wconf 91' lang='lat' dir='ltr'>cui</span> <span class='ocrx_word' id='word_1_236' title='bbox 656 2057 738 2086; x_wconf 91' lang='lat' dir='ltr'>non</span> <span class='ocrx_word' id='word_1_237' title='bbox 771 2046 887 2085; x_wconf 88' lang='lat' dir='ltr'>facile</span> <span class='ocrx_word' id='word_1_238' title='bbox 919 2057 1130 2086; x_wconf 90' lang='lat' dir='ltr'>commune</span> <span class='ocrx_word' id='word_1_239' title='bbox 1163 2046 1371 2096; x_wconf 84' lang='lat' dir='ltr'>quicquam</span> <span class='ocrx_word' id='word_1_240' title='bbox 1406 2056 1493 2084; x_wconf 92' lang='lat' dir='ltr'>cum</span> <span class='ocrx_word' id='word_1_241' title='bbox 1525 2044 1708 2096; x_wconf 89' lang='lat' dir='ltr'>disputa-</span> 
     </span>
     <span class='ocr_line' id='line_1_28' title="bbox 181 2115 1709 2169; baseline -0.003 -9"><span class='ocrx_word' id='word_1_242' title='bbox 181 2122 292 2160; x_wconf 87' lang='lat' dir='ltr'>tione</span> <span class='ocrx_word' id='word_1_243' title='bbox 321 2122 472 2158; x_wconf 88' lang='lat' dir='ltr'>nostra.</span> <span class='ocrx_word' id='word_1_244' title='bbox 531 2118 615 2157; x_wconf 90' lang='lat' dir='ltr'>Viri</span> <span class='ocrx_word' id='word_1_245' title='bbox 647 2117 753 2158; x_wconf 85' lang='lat' dir='ltr'>docti</span> <span class='ocrx_word' id='word_1_246' title='bbox 784 2117 986 2169; x_wconf 89' lang='lat' dir='ltr'>quomodo</span> <span class='ocrx_word' id='word_1_247' title='bbox 1017 2129 1061 2157; x_wconf 89' lang='lat' dir='ltr'>se</span> <span class='ocrx_word' id='word_1_248' title='bbox 1089 2117 1165 2156; x_wconf 86' lang='lat' dir='ltr'>hac</span> <span class='ocrx_word' id='word_1_249' title='bbox 1195 2129 1245 2156; x_wconf 81' lang='lat' dir='ltr'>ex</span> <span class='ocrx_word' id='word_1_250' title='bbox 1275 2116 1506 2155; x_wconf 75' lang='lat' dir='ltr'>difficultate</span> <span class='ocrx_word' id='word_1_251' title='bbox 1537 2115 1709 2168; x_wconf 78' lang='lat' dir='ltr'>expedi-</span> 
     </span>
     <span class='ocr_line' id='line_1_29' title="bbox 184 2187 1708 2242; baseline -0.004 -10"><span class='ocrx_word' id='word_1_252' title='bbox 184 2194 340 2242; x_wconf 86' lang='lat' dir='ltr'>verint,</span> <span class='ocrx_word' id='word_1_253' title='bbox 371 2202 451 2230; x_wconf 91' lang='lat' dir='ltr'>non</span> <span class='ocrx_word' id='word_1_254' title='bbox 483 2189 665 2241; x_wconf 90' lang='lat' dir='ltr'>dispicio.</span> <span class='ocrx_word' id='word_1_255' title='bbox 723 2187 1044 2228; x_wconf 86' lang='lat' dir='ltr'>Hemsterhusius</span> <span class='ocrx_word' id='word_1_256' title='bbox 1078 2188 1235 2240; x_wconf 87' lang='lat' dir='ltr'>quidem</span> <span class='ocrx_word' id='word_1_257' title='bbox 1277 2189 1326 2228; x_wconf 93' lang='lat' dir='ltr'>ad</span> <span class='ocrx_word' id='word_1_258' title='bbox 1358 2188 1522 2228; x_wconf 90' lang='lat' dir='ltr'>Luciani</span> <span class='ocrx_word' id='word_1_259' title='bbox 1554 2187 1708 2239; x_wconf 87' lang='lat' dir='ltr'>Colloq.</span> 
     </span>
     <span class='ocr_line' id='line_1_30' title="bbox 186 2259 1711 2313; baseline -0.003 -9"><span class='ocrx_word' id='word_1_260' title='bbox 186 2264 325 2305; x_wconf 86' lang='lat' dir='ltr'>select.</span> <span class='ocrx_word' id='word_1_261' title='bbox 356 2263 444 2303; x_wconf 89' lang='lat' dir='ltr'>Not.</span> <span class='ocrx_word' id='word_1_262' title='bbox 477 2274 512 2313; x_wconf 88' lang='lat' dir='ltr'>p.</span> <span class='ocrx_word' id='word_1_263' title='bbox 546 2262 608 2301; x_wconf 84' lang='lat'>18.</span> <span class='ocrx_word' id='word_1_264' title='bbox 639 2272 691 2299; x_wconf 80' lang='lat' dir='ltr'>ex</span> <span class='ocrx_word' id='word_1_265' title='bbox 722 2260 843 2301; x_wconf 90' lang='lat' dir='ltr'>Suida</span> <span class='ocrx_word' id='word_1_266' title='bbox 885 2259 1011 2300; x_wconf 80' lang='lat' dir='ltr'>refert</span> <span class='ocrx_word' id='word_1_267' title='bbox 1041 2261 1293 2312; x_wconf 89' lang='lat' dir='ltr'>simpliciter,</span> <span class='ocrx_word' id='word_1_268' title='bbox 1334 2260 1493 2299; x_wconf 86' lang='lat' dir='ltr'>Cereris</span> <span class='ocrx_word' id='word_1_269' title='bbox 1524 2259 1711 2299; x_wconf 88' lang='lat' dir='ltr'>benevo-</span> 
     </span>
     <span class='ocr_line' id='line_1_31' title="bbox 187 2331 1710 2385; baseline -0.005 -8"><span class='ocrx_word' id='word_1_270' title='bbox 187 2337 308 2377; x_wconf 84' lang='lat' dir='ltr'>lentia</span> <span class='ocrx_word' id='word_1_271' title='bbox 339 2335 550 2375; x_wconf 84' lang='lat' dir='ltr'>remissum</span> <span class='ocrx_word' id='word_1_272' title='bbox 572 2331 728 2384; x_wconf 63' lang='lat' dir='ltr'>Aegiali</span> <span class='ocrx_word' id='word_1_273' title='bbox 755 2331 896 2371; x_wconf 71' lang='lat' dir='ltr'>incolis</span> <span class='ocrx_word' id='word_1_274' title='bbox 921 2331 1042 2371; x_wconf 80' lang='lat' dir='ltr'>fuisse</span> <span class='ocrx_word' id='word_1_275' title='bbox 1067 2332 1238 2385; x_wconf 84' lang='lat' dir='ltr'>vectigal</span> <span class='ocrx_word' id='word_1_276' title='bbox 1261 2331 1468 2382; x_wconf 84' lang='lat' dir='ltr'>mortuale,</span> <span class='ocrx_word' id='word_1_277' title='bbox 1497 2335 1710 2383; x_wconf 84' lang='lat' dir='ltr'>propterea</span> 
     </span>
     <span class='ocr_line' id='line_1_32' title="bbox 191 2403 1712 2461; baseline -0.003 -15"><span class='ocrx_word' id='word_1_278' title='bbox 191 2407 298 2461; x_wconf 87' lang='lat' dir='ltr'>quod</span> <span class='ocrx_word' id='word_1_279' title='bbox 334 2407 440 2447; x_wconf 87' lang='lat' dir='ltr'>illam</span> <span class='ocrx_word' id='word_1_280' title='bbox 471 2406 731 2445; x_wconf 87' lang='lat' dir='ltr'>edocuissent</span> <span class='ocrx_word' id='word_1_281' title='bbox 760 2405 809 2444; x_wconf 90' lang='lat' dir='ltr'>de</span> <span class='ocrx_word' id='word_1_282' title='bbox 842 2409 954 2457; x_wconf 89' lang='lat' dir='ltr'>raptu</span> <span class='ocrx_word' id='word_1_283' title='bbox 981 2406 1267 2457; x_wconf 82' lang='lat' dir='ltr'>Proserpinae3</span> <span class='ocrx_word' id='word_1_284' title='bbox 1299 2405 1495 2446; x_wconf 87' lang='lat' dir='ltr'>Strabone</span> <span class='ocrx_word' id='word_1_285' title='bbox 1531 2403 1587 2443; x_wconf 89' lang='lat' dir='ltr'>ibi</span> <span class='ocrx_word' id='word_1_286' title='bbox 1629 2414 1712 2443; x_wconf 90' lang='lat' dir='ltr'>non</span> 
     </span>
     <span class='ocr_line' id='line_1_33' title="bbox 190 2475 1714 2525; baseline -0.002 -8"><span class='ocrx_word' id='word_1_287' title='bbox 190 2479 323 2518; x_wconf 88' lang='lat' dir='ltr'>utitur.</span> <span class='ocrx_word' id='word_1_288' title='bbox 383 2477 457 2524; x_wconf 86' lang='lat' dir='ltr'>Qui</span> <span class='ocrx_word' id='word_1_289' title='bbox 496 2475 790 2515; x_wconf 83' lang='lat' dir='ltr'>conciliandum</span> <span class='ocrx_word' id='word_1_290' title='bbox 830 2487 920 2515; x_wconf 88' lang='lat' dir='ltr'>esse</span> <span class='ocrx_word' id='word_1_291' title='bbox 960 2488 1048 2516; x_wconf 88' lang='lat' dir='ltr'>cum</span> <span class='ocrx_word' id='word_1_292' title='bbox 1089 2476 1285 2517; x_wconf 85' lang='lat' dir='ltr'>Strabone</span> <span class='ocrx_word' id='word_1_293' title='bbox 1326 2475 1633 2525; x_wconf 87' lang='lat' dir='ltr'>Callimachum,</span> <span class='ocrx_word' id='word_1_294' title='bbox 1674 2478 1714 2514; x_wconf 85' lang='lat' dir='ltr'>et</span> 
     </span>
     <span class='ocr_line' id='line_1_34' title="bbox 190 2544 1712 2601; baseline -0.004 -12"><span class='ocrx_word' id='word_1_295' title='bbox 190 2550 298 2601; x_wconf 87' lang='lat' dir='ltr'>loqui</span> <span class='ocrx_word' id='word_1_296' title='bbox 333 2547 614 2588; x_wconf 89' lang='lat' dir='ltr'>Callimachum</span> <span class='ocrx_word' id='word_1_297' title='bbox 646 2558 803 2598; x_wconf 86' lang='lat' dir='ltr'>quoque</span> <span class='ocrx_word' id='word_1_298' title='bbox 836 2546 886 2585; x_wconf 92' lang='lat' dir='ltr'>de</span> <span class='ocrx_word' id='word_1_299' title='bbox 916 2546 1131 2587; x_wconf 89' lang='lat' dir='ltr'>Hermione</span> <span class='ocrx_word' id='word_1_300' title='bbox 1162 2551 1350 2598; x_wconf 87' lang='lat' dir='ltr'>statuunt,</span> <span class='ocrx_word' id='word_1_301' title='bbox 1380 2547 1499 2587; x_wconf 87' lang='lat' dir='ltr'>Anna</span> <span class='ocrx_word' id='word_1_302' title='bbox 1528 2545 1644 2585; x_wconf 85' lang='lat' dir='ltr'>Fabri</span> <span class='ocrx_word' id='word_1_303' title='bbox 1672 2544 1712 2584; x_wconf 89' lang='lat' dir='ltr'>in</span> 
     </span>
     <span class='ocr_line' id='line_1_35' title="bbox 199 2615 1713 2670; baseline -0.003 -12"><span class='ocrx_word' id='word_1_304' title='bbox 199 2619 348 2658; x_wconf 90' lang='lat' dir='ltr'>Callim.</span> <span class='ocrx_word' id='word_1_305' title='bbox 378 2630 416 2670; x_wconf 87' lang='lat' dir='ltr'>p.</span> <span class='ocrx_word' id='word_1_306' title='bbox 450 2616 543 2658; x_wconf 74' lang='lat'>249.</span> <span class='ocrx_word' id='word_1_307' title='bbox 575 2624 632 2670; x_wconf 88' lang='lat' dir='ltr'>(p.</span> <span class='ocrx_word' id='word_1_308' title='bbox 660 2618 754 2658; x_wconf 78' lang='lat'>353.</span> <span class='ocrx_word' id='word_1_309' title='bbox 791 2617 854 2657; x_wconf 84' lang='lat' dir='ltr'>ed.</span> <span class='ocrx_word' id='word_1_310' title='bbox 885 2618 1003 2667; x_wconf 84' lang='lat' dir='ltr'>Ern.)</span> <span class='ocrx_word' id='word_1_311' title='bbox 1041 2618 1218 2670; x_wconf 80' lang='lat' dir='ltr'>Heynius</span> <span class='ocrx_word' id='word_1_312' title='bbox 1250 2619 1368 2658; x_wconf 89' lang='lat' dir='ltr'>Obss.</span> <span class='ocrx_word' id='word_1_313' title='bbox 1405 2618 1444 2658; x_wconf 89' lang='lat' dir='ltr'>in</span> <span class='ocrx_word' id='word_1_314' title='bbox 1479 2615 1713 2669; x_wconf 85' lang='lat' dir='ltr'>Apollodor.</span> 
     </span>
     <span class='ocr_line' id='line_1_36' title="bbox 198 2688 1715 2742; baseline -0.003 -14"><span class='ocrx_word' id='word_1_315' title='bbox 198 2702 235 2742; x_wconf 89' lang='lat' dir='ltr'>p.</span> <span class='ocrx_word' id='word_1_316' title='bbox 264 2690 328 2728; x_wconf 87' lang='grc'>25.</span> <span class='ocrx_word' id='word_1_317' title='bbox 362 2689 436 2728; x_wconf 90' lang='lat' dir='ltr'>etsi</span> <span class='ocrx_word' id='word_1_318' title='bbox 460 2688 514 2739; x_wconf 92' lang='lat' dir='ltr'>id,</span> <span class='ocrx_word' id='word_1_319' title='bbox 545 2701 608 2728; x_wconf 91' lang='lat' dir='ltr'>me</span> <span class='ocrx_word' id='word_1_320' title='bbox 633 2689 790 2740; x_wconf 84' lang='lat' dir='ltr'>quidem</span> <span class='ocrx_word' id='word_1_321' title='bbox 821 2689 966 2738; x_wconf 89' lang='lat' dir='ltr'>indice,</span> <span class='ocrx_word' id='word_1_322' title='bbox 999 2690 1223 2729; x_wconf 88' lang='lat' dir='ltr'>rectissime</span> <span class='ocrx_word' id='word_1_323' title='bbox 1251 2694 1439 2739; x_wconf 87' lang='lat' dir='ltr'>statuunt,</span> <span class='ocrx_word' id='word_1_324' title='bbox 1474 2693 1602 2728; x_wconf 87' lang='lat' dir='ltr'>tamen</span> <span class='ocrx_word' id='word_1_325' title='bbox 1624 2689 1715 2725; x_wconf 86' lang='lat' dir='ltr'>ante</span> 
     </span>
     <span class='ocr_line' id='line_1_37' title="bbox 201 2759 1717 2811; baseline -0.001 -12"><span class='ocrx_word' id='word_1_326' title='bbox 201 2759 391 2811; x_wconf 81' lang='lat' dir='ltr'>expedire</span> <span class='ocrx_word' id='word_1_327' title='bbox 423 2759 537 2799; x_wconf 89' lang='lat' dir='ltr'>istam</span> <span class='ocrx_word' id='word_1_328' title='bbox 566 2759 714 2800; x_wconf 87' lang='lat' dir='ltr'>Suidae</span> <span class='ocrx_word' id='word_1_329' title='bbox 745 2760 1051 2811; x_wconf 83' lang='lat' dir='ltr'>discrepantiam</span> <span class='ocrx_word' id='word_1_330' title='bbox 1089 2759 1322 2800; x_wconf 87' lang='lat' dir='ltr'>debuerant.</span> <span class='ocrx_word' id='word_1_331' title='bbox 1379 2760 1452 2808; x_wconf 83' lang='lat' dir='ltr'>At,</span> <span class='ocrx_word' id='word_1_332' title='bbox 1489 2761 1605 2808; x_wconf 72' lang='lat' dir='ltr'>puto,</span> <span class='ocrx_word' id='word_1_333' title='bbox 1637 2768 1717 2797; x_wconf 87' lang='lat' dir='ltr'>non</span> 
     </span>
     <span class='ocr_line' id='line_1_38' title="bbox 198 2827 1717 2880; baseline -0.002 -9"><span class='ocrx_word' id='word_1_334' title='bbox 198 2842 396 2872; x_wconf 88' lang='lat' dir='ltr'>memores</span> <span class='ocrx_word' id='word_1_335' title='bbox 444 2831 599 2870; x_wconf 86' lang='lat' dir='ltr'>suerunt</span> <span class='ocrx_word' id='word_1_336' title='bbox 645 2831 807 2872; x_wconf 87' lang='lat' dir='ltr'>Suidae.</span> <span class='ocrx_word' id='word_1_337' title='bbox 868 2831 916 2871; x_wconf 87' lang='lat' dir='ltr'>Ut</span> <span class='ocrx_word' id='word_1_338' title='bbox 961 2842 1038 2870; x_wconf 88' lang='lat' dir='ltr'>nec</span> <span class='ocrx_word' id='word_1_339' title='bbox 1080 2830 1354 2870; x_wconf 83' lang='lat' dir='ltr'>Casaubonus.</span> <span class='ocrx_word' id='word_1_340' title='bbox 1422 2827 1514 2868; x_wconf 89' lang='lat' dir='ltr'>Mihi</span> <span class='ocrx_word' id='word_1_341' title='bbox 1559 2827 1717 2880; x_wconf 55' lang='lat' dir='ltr'>Suidas,</span> 
     </span>
    </p>
   </div>
  </div>
 </body>
</html>
