1856 3126
796 136 1100 175 —244—

194 254 356 294 Reiffius
376 254 510 294 laudat
538 255 589 295 ad
607 255 800 305 Artemid.
818 255 881 295 lll.
900 255 966 296 65.
990 256 1032 295 Τ.
1054 255 1099 295 ll.
1119 266 1156 307 p.
1174 251 1269 294 435.
1326 252 1548 294 Menander
1571 265 1609 306 p.
1629 252 1720 294 192.

192 326 257 366 ed.
287 326 460 366 Mcinek.
491 328 594 367 inter
624 328 701 368 alia
733 329 889 368 omina:
935 325 988 369 ἂν
1024 330 1156 382 γλαῦξ
1194 326 1430 382 ἀνακράγῃ,
1460 325 1722 376 δεδοίκαμεν.

192 395 307 443 Quod
330 400 458 436 autem
487 396 636 436 Hecale
666 398 746 437 ita:
780 397 869 437 αἴθ’
899 392 1049 452 ὄφελες
1078 398 1258 448 θανέειν,
1288 393 1312 450 ἢ
1343 397 1556 449 πάννυχον
1589 394 1724 449 ὀρχή-

191 469 369 517 σασθαι,
405 466 578 507 fortasse
610 480 691 508 non
731 470 961 509 exsecratio
993 468 1236 520 simpliciter,
1267 469 1338 509 sed
1362 469 1589 508 dictumest
1618 468 1724 506 omi-

194 538 267 594 nis.
289 539 496 578 avertendi
533 551 690 580 caussa.
751 540 1014 580 Casaubonus
1057 540 1107 580 ad
1144 540 1404 593 Theophrast.
1438 557 1480 580 π.
1517 540 1722 579 δεισιδαι-

188 607 338 660 μονιάς
369 623 406 662 p.
441 611 536 654 291.
595 611 795 651 Putarunt
821 612 879 652 illi
909 615 1102 667 [veteres]
1136 625 1225 652 cum
1245 611 1409 662 aliquod
1432 610 1545 650 triste
1567 609 1723 661 siquam

190 681 470 732 apparuisset,
498 694 624 733 posse
655 683 698 722 id
721 684 844 735 facile
872 684 1005 734 eludi,
1037 688 1074 723 et
1101 684 1208 735 quod
1242 682 1525 723 ostendebatur
1550 681 1722 733 pericu-

189 753 269 792 lum
301 751 442 806 effugi,
471 753 509 793 si
539 754 606 793 vel
632 754 791 803 verbis,
831 755 896 794 vel
933 755 1068 807 aliquo
1109 756 1219 807 sacto
1251 755 1478 794 iudicarent
1518 765 1564 792 se
1610 764 1723 792 omen

188 836 269 863 non
300 825 502 876 accipere,
537 825 611 864 sed
639 824 879 865 abominari.
948 824 1086 865 Verbis
1116 826 1285 877 quidem,
1319 838 1407 865 cum
1427 825 1616 873 dicerent,
1648 825 1729 871 Εἰς

189 894 377 949 κεφαλήν
409 910 502 944 σοι,
536 896 584 935 In
616 901 738 948 caput
764 901 896 936 tumn:
937 909 1050 936 omen
1084 910 1224 948 nempe
1253 897 1403 938 redeat.
1434 902 1472 938 et
1500 909 1602 949 quae
1633 908 1719 947 seq.

189 967 258 1007 ubi
290 969 408 1007 etiam
443 967 493 1007 de
527 980 601 1018 eo,
631 968 737 1020 quod
777 980 873 1008 aves
898 969 1133 1024 eiusmodi,
1175 970 1242 1008 ubi
1285 981 1430 1021 capere
1468 969 1720 1021 contigisset,

190 1039 343 1079 foribus
376 1040 567 1093 affigere,
598 1045 640 1080 ut
671 1053 777 1080 nunc
804 1041 868 1091 fit,
902 1041 1100 1080 solebant.
1161 1041 1249 1088 Quo
1295 1041 1345 1080 dc
1388 1052 1500 1080 more
1535 1040 1586 1080 cf.
1620 1051 1721 1092 quos

190 1110 509 1152 Elmenhorstius
539 1112 588 1151 ad
617 1112 798 1165 Appulei.
832 1112 894 1152 ΙΙΙ.
926 1125 965 1165 p.
1004 1114 1092 1154 185.
1124 1118 1180 1165 (p.
1207 1115 1300 1154 218.
1332 1112 1540 1162 Oudend.)
1573 1111 1720 1152 laudat.

303 1184 384 1224 Sed
412 1183 461 1223 ad
495 1183 769 1224 illustrandum
801 1184 1098 1235 Callimachum,
1129 1189 1167 1224 et
1195 1184 1246 1224 ad
1279 1183 1637 1224 commendandam
1669 1182 1719 1221 de

195 1255 393 1295 ominibus
426 1256 530 1308 apud
562 1256 843 1297 Callimachum
875 1259 1150 1298 coniecturam
1188 1269 1341 1305 meam,
1375 1256 1514 1296 nescio
1545 1267 1594 1295 an
1625 1253 1721 1295 nihil

191 1329 242 1367 sit
273 1327 465 1379 Propertii
495 1327 586 1367 loco
619 1328 681 1368 IV.
714 1328 755 1378 3,
778 1328 843 1369 59.
877 1330 1028 1380 aptius:
1057 1327 1151 1367 Sive
1179 1328 1222 1367 in
1250 1327 1415 1380 finitimo
1441 1326 1589 1380 yemuz't
1605 1329 1721 1366 stans

189 1403 341 1438 noctua
371 1398 492 1450 liquo,
524 1397 603 1438 Seu
631 1399 758 1439 volui!
784 1399 893 1451 tuuqz'
911 1411 1047 1450 parca
1076 1400 1244 1439 lucerna
1264 1399 1386 1438 mero.
1446 1398 1568 1438 Vides
1587 1398 1718 1438 omina

191 1470 290 1521 duo,
319 1475 507 1510 noctuam
537 1474 577 1510 et
607 1471 824 1511 lucernam.
885 1471 997 1519 Quae
1026 1472 1166 1511 eadem
1195 1471 1298 1523 apud
1329 1469 1636 1510 Callimachum:
1667 1467 1718 1507 de

190 1547 337 1583 noctua
368 1543 406 1582 in
436 1543 676 1595 Fragmento
707 1543 812 1594 quod
843 1544 1200 1595 pertractavimus;
1240 1543 1289 1582 de
1319 1541 1459 1597 λύχνῳ
1489 1542 1529 1580 in
1561 1540 1719 1592 Fragm.

189 1614 370 1655 XLVII-R
429 1616 490 1655 Ac
525 1615 662 1655 similis
705 1615 809 1667 apud
849 1620 1056 1667 utrumque
1086 1619 1245 1667 poetam
1288 1612 1467 1653 conditio
1508 1613 1620 1662 eius,
1656 1611 1720 1651 cui

192 1685 413 1726 offeruntur
443 1688 602 1727 omina:
648 1687 751 1740 apud
780 1688 1027 1740 Propertium
1058 1686 1308 1736 Arethusae,
1342 1696 1444 1738 quae
1474 1685 1611 1725 metuit
1643 1683 1720 1734 ah·-

194 1759 301 1799 senti
347 1759 524 1811 Lycotae
565 1771 663 1808 suo3
709 1760 812 1811 apud
852 1759 1133 1800 Callimachum
1173 1757 1367 1807 Hecales,
1410 1767 1512 1808 quae
1547 1755 1718 1795 Theseo.

112 1845 123 1852 ’
191 1829 470 1882 Fragmentum
500 1829 681 1869 ΧΙΝΙΙῆἣ
713 1829 819 1882 quod
858 1830 1017 1881 quidem
1049 1842 1130 1870 non
1170 1829 1455 1882 spoponderim
1494 1832 1604 1868 recte
1641 1827 1720 1867 hoc

192 1912 358 1940 numero
390 1900 620 1953 designari:
652 1913 742 1941 nam
775 1902 948 1942 fortasse
984 1902 1095 1942 alteri
1128 1902 1176 1941 de
1219 1907 1363 1941 noctua
1394 1899 1720 1953 praeponendum

193 1976 281 2012 est:
313 1972 365 2012 ita
394 1983 438 2011 se
469 1972 612 2012 habet:

985 2040 1142 2083 ὁππότε
1171 2040 1331 2095 λύχνου

306 2114 531 2165 δαιομένου
562 2111 785 2166 πυρόεντες
817 2109 922 2167 ἄδην
951 2115 1136 2167 ἐγένοντο
1170 2109 1364 2166 μύκητες.

195 2186 379 2226 Testibus
400 2198 422 2225 a
440 2186 618 2225 Bentleio
640 2187 823 2226 excitatis
842 2186 1037 2226 addantur
1053 2186 1129 2227 MS.
1150 2186 1315 2226 Barocc.
1335 2184 1423 2226 159.
1443 2195 1504 2236 ap.
1520 2181 1719 2223 Gaisford.

198 2257 248 2297 ad
279 2257 512 2297 Archilochi
543 2257 602 2299 Fr.
633 2258 749 2297 XCll.
781 2258 890 2297 Poet.
912 2258 1005 2298 Min.
1043 2257 1126 2296 Vol.
1150 2257 1177 2296 l.
1200 2269 1236 2309 p,
1257 2256 1350 2296 319.
1412 2255 1723 2294 Choeroboscus

197 2329 369 2369 Bekkeri
400 2329 556 2368 Anecd.
589 2329 653 2369 Gr.
687 2328 773 2368 Vol.
804 2328 866 2371 ΙΙΙ,
899 2341 934 2380 p.
969 2328 1089 2367 1399.
1129 2332 1209 2367 tum
1241 2326 1339 2366 Cod.
1370 2326 1542 2365 Barocc.
1575 2324 1642 2365 76.
1682 2323 1723 2364 in

198 2401 336 2440 Museo
369 2400 562 2453 Philolog.
595 2400 824 2452 cantabrig.
854 2400 926 2440 No.
961 2400 1006 2439 V.
1040 2400 1155 2441 Febr.
1190 2398 1307 2439 1835.
1342 2409 1378 2449 p.
1403 2396 1500 2436 423.
1534 2397 1599 2448 qui
1633 2396 1725 2448 qui-

199 2473 287 2512 dem
318 2472 479 2512 laudato
520 2472 622 2523 apud
657 2471 873 2511 Bentlcium
908 2470 1175 2511 Grammatico
1213 2468 1364 2508 inedito
1404 2467 1627 2508 Oxoniensi
1669 2467 1724 2506 ita

199 2544 366 2593 similis,
411 2549 451 2584 ut
492 2543 662 2583 eundem
707 2544 1007 2596 grannnaticum
1051 2542 1313 2593 codicemque
1357 2551 1449 2580 esse
1485 2540 1610 2580 dicas,
1676 2537 1726 2578 Et

200 2620 359 2655 caetera
390 2615 547 2667 quidem
580 2621 691 2655 recte
723 2616 959 2655 exhibuerat
982 2615 1195 2655 Bentleius.
1245 2613 1371 2653 Unum
1399 2612 1593 2664 reliquum
1622 2614 1721 2661 erat,

201 2696 273 2737 pro
307 2681 363 2731 ὥς
406 2701 498 2726 ποτε
532 2691 572 2726 ut
611 2687 888 2726 restitueretur
925 2683 1081 2725 ὁππότε
1124 2697 1146 2725 e
1187 2684 1488 2724 Choerobosco.
1557 2682 1618 2722 Ex
1657 2693 1723 2730 eo,

202 2756 309 2807 quod
343 2757 444 2807 apud
483 2757 732 2797 Scholiasten
765 2758 902 2807 Arati,
941 2752 1028 2796 εὖτ’
1068 2749 1119 2796 ἄν
1153 2754 1312 2806 λύχνου
1346 2754 1597 2804 δἀιομένου,
1629 2752 1726 2792 Val-

201 2827 414 2867 ckenarius
446 2823 553 2879 533³,
595 2824 684 2879 ἅμα
716 2824 855 2883 λύχνῳ
892 2827 1098 2884 ὃαιομένῳ
1130 2827 1330 2878 faciebat,
1373 2835 1539 2877 eamque
1569 2824 1609 2864 in
1639 2835 1723 2864 rem
