1856 3126
772 127 1078 164 —182—

158 244 288 300 νηδύν
327 246 532 296 corripere
576 244 751 282 ultimam
788 242 968 294 Euripidi
1005 242 1200 282 Androm.
1232 240 1326 282 3563».
1360 239 1467 291 Cycl.
1503 237 1598 278 574.
1636 237 1693 277 li-

158 321 267 366 cuit,
314 329 395 355 non
443 317 621 368 sequitur
664 315 925 364 necessario,
969 314 1074 354 idem
1114 314 1276 354 licuisse
1305 311 1496 364 Sophocli
1538 311 1577 350 in
1614 322 1695 349 no-

154 391 261 428 mine
301 388 454 427 verbali
485 399 610 437 raro,
659 386 835 426 ionicum
881 387 921 425 in
964 387 1124 426 modum
1169 387 1369 433 formato,
1407 378 1584 435 μαστύς.
1646 383 1695 423 Ut

155 465 343 509 taceam,
393 459 511 498 etiam
557 458 622 497 illo
670 459 711 497 in
755 470 940 510 genere,
993 470 1044 498 ex
1087 471 1165 511 quo
1207 457 1474 512 wydzigpest,
1518 454 1694 504 sortasse

154 531 428 583 praevaluisse
472 531 657 570 usitatam
698 530 869 582 antiquis
902 530 1033 582 poetis
1074 531 1199 582 epicis
1248 531 1577 582 productionem:
1619 542 1694 579 νη-

154 599 231 642 δύν
280 607 342 643 est
387 602 519 642 ultima
560 602 754 654 producta
793 601 896 653 apud
937 601 1127 641 Aristium
1155 602 1300 641 Athen.
1329 602 1413 642 XV.
1443 614 1481 653 p.
1515 599 1609 642 680.
1642 600 1689 638 Α.

156 678 233 713 tum
282 675 384 726 apud
432 675 684 714 recentiores
727 674 871 713 multos
907 674 971 712 vel
1019 674 1262 726 plerosque,
1310 674 1552 715 Nicandrum
1595 671 1698 711 Ate-

156 746 265 798 xiph.
304 746 399 787 416.
455 747 621 799 Oppian.
667 747 714 787 H.
756 746 803 785 Il.
844 746 939 786 580.
983 746 1136 799 Cyneg.
1187 746 1251 786 111.
1295 746 1384 786 150.
1424 745 1514 787 157.
1573 742 1695 795 Orph.

154 818 255 861 Lith.
292 818 387 858 273.
446 820 577 867 Quint.
612 821 689 860 Sm.
721 819 786 858 IX.
821 817 915 858 189.
961 817 1155 858 Alcaeum
1187 818 1307 858 Mess.
1337 817 1438 858 XlV.
1473 819 1509 857 2.
1560 815 1696 855 Philo-

158 891 260 930 dem.
295 890 469 931 XXVlll.
502 891 540 931 3.
602 893 864 944 Crinagoram
895 889 996 930 XllI.
1028 891 1066 930 6.
1204 891 1348 930 Contra
1381 888 1622 928 Callimacho
1656 887 1693 926 h.

155 964 198 1002 in
241 963 357 1002 Dian.
402 963 492 1004 1130.
543 965 577 1003 si
623 963 751 1016 rqdv'g
800 964 936 1003 ultima
984 967 1168 1013 correpta
1209 961 1384 1013 placuit,
1428 965 1468 1000 ut
1497 960 1697 1012 placuisse

160 1040 310 1075 certum
343 1040 401 1075 est
433 1038 782 1087 grammaticorum
818 1034 1056 1073 testimoniis
1088 1038 1127 1072 et
1157 1037 1319 1085 propter
1348 1028 1531 1072 Nonnum
1561 1032 1695 1071 XLVI.

160 1109 254 1147 318.
287 1120 373 1146 cum
415 1106 566 1146 Ioanne
611 1108 771 1147 Gazaeo
803 1110 842 1145 et
888 1105 1085 1157 Agathia,
1134 1110 1175 1145 ut
1222 1106 1370 1144 mittam
1405 1104 1700 1155 Apollinarem,

160 1180 413 1231 Gregormm,
435 1179 652 1219 Palladam:
676 1191 766 1218 num
788 1183 1001 1230 propterea
1024 1178 1152 1216 eidem
1178 1176 1355 1222 ‹imam-'g
1379 1176 1514 1229 Epigr.
1530 1175 1697 1216 XLVlll.

158 1251 335 1303 (XLIX.)
365 1249 403 1290 7.
435 1252 597 1303 placere
629 1251 772 1291 eadem
805 1251 1037 1290 conditione
1068 1249 1235 1288 debuit?
1295 1249 1419 1289 Unum
1449 1254 1506 1288 est
1548 1248 1700 1287 verba-

155 1323 282 1373 libus,
317 1323 432 1374 quale
465 1321 650 1373 μαστύς,
682 1323 1018 1376 aequiparandum
1049 1319 1210 1368 κλιτῦς,
1240 1319 1404 1371 κλιτὺν,
1433 1320 1567 1360 ultima
1599 1332 1696 1360 cor-

159 1400 286 1447 repta,
317 1394 420 1447 apud
443 1394 683 1446 Sophoclem
702 1397 837 1448 Antig.
871 1393 990 1435 1144.
1010 1392 1150 1432 Trach.
1182 1392 1271 1431 971.
1289 1392 1516 1444 Euripidem
1536 1393 1692 1446 Hippot.

162 1467 255 1507 927.
287 1466 432 1506 Bacch.
451 1465 545 1507 409.
578 1467 820 1508 Nicandrum
850 1466 1033 1518 Alexiph.
1053 1465 1119 1504 34.
1152 1465 1254 1516 apud
1282 1465 1588 1517 Lycophronem
1616 1465 1692 1515 bis,

162 1543 202 1579 et
227 1540 380 1580 Niciam
408 1540 447 1579 in
484 1539 795 1591 epigrammate,
825 1539 897 1578 sed
927 1540 966 1578 in
999 1549 1076 1590 quo
1111 1536 1309 1577 vocabulo
1340 1537 1514 1578 sortasse
1554 1536 1696 1577 multus

160 1622 257 1649 usus
293 1611 466 1662 fecerat,
495 1617 536 1652 ut
568 1613 844 1665 negligeretur
869 1622 955 1650 mos
988 1610 1170 1660 antiquus
1194 1609 1461 1660 producendi.
1520 1608 1567 1648 Et
1599 1611 1695 1648 θελ-

161 1680 261 1723 univ
298 1683 402 1735 apud
434 1684 712 1736 Appollonium
746 1683 775 1722 1.
810 1683 904 1723 515.
945 1694 996 1722 ex
1044 1680 1350 1731 emendatione,
1395 1680 1468 1720 sed
1512 1692 1595 1720 non
1641 1683 1695 1720 ita

164 1759 300 1807 certa,
342 1760 384 1795 ut
412 1756 508 1795 nihil
539 1755 718 1809 dubites,
752 1754 953 1795 Brunckii.
1012 1754 1121 1795 Mitto
1151 1754 1471 1804 recentissimos,
1496 1757 1538 1792 ut
1567 1752 1698 1805 Apol-

162 1827 351 1879 linarem,
384 1828 449 1879 qui
480 1829 519 1868 in
549 1825 744 1881 ἑλεητύς,
797 1822 989 1879 ἐλεητύν,
1033 1826 1208 1865 ultimam
1240 1826 1405 1878 corripit
1431 1826 1694 1878 saepissime,-

166 1900 428 1952 Gregorimn,
460 1900 526 1952 qui
555 1901 594 1939 in
621 1896 770 1951 ἑδητιὲν
801 1899 928 1938 Carm.
969 1897 1106 1938 XLIX.
1139 1899 1205 1937 31.

275 1972 629 2024 Contemplandum
657 1970 752 2010 mihi
784 1971 934 2022 sumpsi
962 1970 1103 2022 Alpum
1131 1968 1262 2010 Nonni
1302 1969 1417 2009 XLV.
1470 1970 1559 2010 173.
1610 1982 1697 2023 sqq.

167 2048 208 2083 et
236 2044 353 2094 alibi,
383 2057 433 2084 an
479 2045 583 2084 sorte
626 2044 756 2083 sactus
793 2041 843 2081 ad
885 2042 1179 2081 similitudinem
1221 2041 1400 2082 Scironis
1443 2042 1699 2082 Callimachei

167 2114 385 2155 videretur.
444 2115 523 2156 Sed
555 2115 651 2155 nihil
679 2113 827 2161 video,
858 2113 963 2165 quod
994 2115 1069 2153 iste
1113 2113 1287 2152 crudelis
1330 2125 1457 2165 aeque
1506 2126 1553 2154 ac
1594 2113 1699 2153 ridi-

166 2186 277 2226 culus
308 2192 440 2226 terrae
473 2187 572 2226 filius
601 2199 811 2227 commune
844 2201 931 2227 cum
977 2187 1147 2227 Scirone
1196 2186 1368 2236 habeat,
1418 2190 1697 2238 praeterquam

168 2259 275 2312 quod
303 2261 456 2311 rupium
487 2259 687 2299 habitator
719 2260 809 2310 fuit,
840 2263 882 2300 ut
909 2259 1077 2310 Sciron,
1118 2263 1158 2299 et
1200 2258 1307 2310 quod
1334 2258 1698 2298 terriculamentum

166 2332 401 2374 viatoribus,

278 2405 339 2444 De
372 2404 582 2457 Cercyone
611 2404 729 2444 etiam
756 2405 886 2457 magis
917 2402 1163 2456 probabilia,
1191 2402 1279 2452 vel,
1316 2407 1511 2453 quatenus
1541 2401 1700 2454 quidem

171 2475 317 2528 aliquid
362 2476 401 2515 in
453 2476 515 2515 his
555 2476 676 2516 rebus
714 2477 813 2516 certi
854 2480 936 2526 est,
979 2476 1108 2527 magis
1154 2478 1264 2514 certa
1303 2486 1419 2526 quam
1450 2474 1500 2514 de
1530 2475 1700 2515 Scirone

169 2548 316 2587 habeo.
375 2548 545 2587 Primum
589 2560 666 2599 quo
714 2549 829 2588 unius
876 2547 1072 2596 nominis,
1119 2547 1190 2586 sed
1230 2548 1374 2587 vetusti
1404 2559 1452 2587 ac
1478 2546 1699 2595 reconditi,

170 2622 362 2659 memoria
393 2624 631 2660 conservata
664 2624 748 2670 est,
791 2621 1071 2673 Fragmentum
1099 2620 1224 2660 le.÷=-

856 2690 1010 2742 'lanz'g‚

170 2766 211 2800 et
257 2763 381 2813 ipsum
425 2763 695 2812 planissimum
740 2768 824 2813 est,
867 2768 906 2802 et
940 2764 1098 2804 multam
1141 2769 1251 2803 recte
1291 2762 1528 2802 intellectum
1572 2759 1700 2799 lucem

173 2833 281 2874 omni
332 2833 587 2883 disputationi
622 2835 715 2874 huic
744 2834 870 2875 affert.
957 2836 1100 2876 Narrat
1128 2835 1306 2875 Theseus
1339 2845 1390 2872 ex
1420 2831 1627 2884 Megaride
1656 2843 1701 2871 se
