1820 3141
830 179 1074 217 -4-

309 297 485 336 Manebit
516 297 594 336 1100
625 297 835 349 intactum,
867 297 971 349 quod
1004 296 1241 348 scripseram
1281 295 1319 334 in
1361 294 1591 333 memoriam
1632 293 1708 333 viri

200 369 348 421 optimi,
379 380 494 421 quum
527 369 691 421 primum
723 373 873 421 partem
902 368 1041 408 horum
1070 367 1189 408 edidi.
1246 367 1455 406 Praeterea
1488 364 1592 418 quod
1627 364 1708 404 ibi-

199 441 287 479 dem
314 440 549 491 prael'ahar,
582 439 843 479 excusatione
881 439 975 478 mihi
1008 450 1106 491 opus
1148 450 1253 489 esse,
1283 440 1410 479 sicubi
1451 437 1704 490 1110’ρ1013ῑ3

198 513 246 551 311
278 513 364 552 31115
396 516 485 563 post
514 511 731 551 Bentleium
761 510 983 563 fragmenta
1018 511 1244 550 Callimachi
1274 511 1470 561 latuerint,
1501 522 1548 550 ea
1578 521 1706 550 excu-

198 585 352 623 satione,
385 584 523 623 nescio
555 596 606 623 311
637 584 756 622 etiam
792 594 897 621 nunc
938 594 1035 634 opus
1082 583 1142 623 sit.
1217 583 1341 630 Quam
1389 582 1494 622 enim
1536 582 1707 621 maxime

196 655 260 694 illa
288 653 460 694 Bekkeri
490 653 699 694 Anecdota
730 665 840 705 spem
870 653 1287 706 exspectationemque
1316 653 1518 705 fecissent,
1552 653 1638 693 sore
1667 657 1708 693 ut

197 728 237 767 in
267 726 352 766 dies
383 731 595 779 augeretur
623 726 724 765 haec
753 710 918 765 materia
950 737 1085 765 eorum
1117 738 1252 778 opera,
1282 726 1422 778 quibus
1444 725 1706 765 bibliothecas

197 804 386 840 excutere
415 805 530 852 atque
561 799 709 838 inedita
744 799 924 850 proferre
959 798 1088 838 datum
1119 803 1203 849 est,
1236 811 1351 851 quum
1384 802 1468 837 rata
1509 798 1611 837 sacta
1641 798 1706 847 sit,

197 877 236 912 et
266 883 363 911 vero
394 871 485 920 fiat,
526 871 742 921 Dindorlii,
769 871 1052 922 Boissonadii,
1093 871 1268 911 Crameri
1288 903 1298 923 ,
1342 872 1529 919 aliorum,
1562 882 1707 922 opera:

197 942 382 983 accidere
414 946 563 993 potest,
592 948 633 983 ut
674 956 792 984 unum
824 944 1040 983 alterumve
1080 942 1341 996 fragmentum
1389 944 1709 982 testimoniumve

196 1015 387 1055 lectorem
415 1015 531 1053 etiam
560 1013 786 1066 diligentem
818 1013 992 1066 effugiat.
1051 1013 1118 1054 Sic
1155 1018 1306 1053 erutum
1338 1019 1429 1053 ante
1462 1013 1603 1053 multos
1632 1025 1711 1053 an-

196 1100 271 1127 1105
304 1088 352 1126 311
384 1087 546 1125 05311110
579 1088 843 1126 testimonium
875 1087 1117 1135 Callimachi,
1148 1091 1188 1125 et
1219 1086 1374 1138 quidem
1409 1087 1448 1124 in
1469 1085 1629 1137 Hecale,
1657 1086 1708 1126 de

196 1160 393 1201 Salamine
424 1158 577 1209 insula,
618 1171 723 1199 nunc
762 1160 917 1199 demum
961 1171 1033 1200 suo
1074 1160 1262 1198 insertum
1295 1159 1384 1198 loco
1417 1163 1488 1198 est.
1535 1159 1596 1198 ‘Et
1630 1158 1709 1199 11οο

197 1231 354 1283 quidem
400 1242 565 1282 prorsus
611 1243 758 1271 novum
806 1236 905 1271 erat.
982 1232 1093 1279 Quae
1138 1232 1364 1283 nuperrime
1410 1232 1620 1272 Cramerus
1666 1233 1708 1272 in

197 1304 418 1344 Anecdotis
451 1302 615 1343 Graecis
657 1302 816 1355 protulit
846 1302 1067 1356 fragmenta
1105 1302 1330 1342 Callimachi
1368 1303 1485 1343 multa
1526 1314 1708 1355 numero,

198 1388 334 1416 eorum
367 1377 536 1415 maxima
567 1388 657 1428 pars
697 1387 777 1415 non
818 1387 924 1414 nova
957 1378 1042 1424 est,
1073 1373 1144 1414 scd
1176 1375 1254 1414 hoc
1285 1379 1432 1414 tantum
1461 1377 1628 1427 probat,
1659 1377 1709 1416 de

199 1462 276 1502 quo
306 1450 424 1488 etiam
455 1446 613 1488 aliunde
643 1450 811 1496 constat,
832 1447 991 1485 multum
1012 1458 1102 1486 sese
1125 1447 1386 1498 exscripsisse
1414 1449 1708 1500 grammaticos,

200 1526 239 1560 et
273 1532 362 1560 esse
390 1520 603 1572 plerosque
633 1518 915 1571 grammaticos
942 1522 1101 1558 nostros
1133 1517 1352 1557 doctiorum
1379 1522 1417 1558 et
1446 1519 1707 1571 antiquiorum

201 1593 446 1645 quorundam
481 1592 641 1632 nimium
679 1593 782 1631 inter
816 1603 860 1631 se
902 1590 1050 1631 similes
1085 1590 1299 1643 discipulos
1340 1603 1388 1631 30
1430 1591 1706 1645 pedissequos.

201 1665 460 1717 Cupidissime
503 1669 712 1716 expeteres
760 1664 980 1717 fragmenta
1026 1675 1132 1703 nova
1179 1675 1263 1703 cum
1313 1663 1462 1704 indicio
1503 1667 1711 1717 poematis,

200 1738 481 1788 1(αλλι’,ιιοιχοΛ
508 1734 711 1793 Ἑκάλῃε
744 1738 807 1777 vel
838 1742 929 1777 ante
958 1737 1115 1777 aliunde
1143 1742 1236 1776 nota
1255 1768 1265 1786 ‚
1299 1737 1370 1776 sed
1404 1742 1517 1777 aucta
1547 1740 1710 1779 nomine

201 1810 410 1862 poematis.
444 1809 491 1848 Ut
511 1809 737 1849 Callimachi
758 1811 1032 1863 Fragmentum
1054 1809 1269 1849 CCLXXX.
1288 1821 1527 1849 noveramus
1550 1821 1711 1860 omnes3

203 1895 252 1922 ex
284 1882 433 1921 Hecale
477 1881 570 1920 illud
612 1893 701 1920 csse
742 1892 824 1920 non
859 1881 911 1920 ita
946 1880 1097 1932 pridem
1142 1879 1275 1920 docuit
1318 1880 1450 1920 codex
1485 1880 1712 1921 Ravennas.

202 1957 347 1995 Verum
381 1967 428 1994 ea
459 1966 539 1993 non
574 1954 691 1993 multa
723 1958 825 1993 sunt.
883 1952 996 2001 Quod
1029 1958 1118 2004 post
1147 1958 1381 2005 conceptam
1412 1963 1463 1998 ex
1490 1953 1714 2006 Fragmen-

202 2030 252 2068 tis
282 2027 467 2078 antiquis,
500 2026 537 2064 11.
568 2038 602 2065 0.
631 2025 882 2075 Βο11110131115,
908 2025 1119 2078 imaginem
1147 2023 1316 2065 Hecales
1347 2026 1616 2077 inexspectata
1648 2036 1712 2065 me

205 2099 409 2148 docuerit,
442 2096 505 2135 vel
542 2101 583 2136 ut
622 2101 811 2137 mutarem
840 2096 963 2136 semel
994 2100 1227 2148 conceptam
1260 2096 1472 2151 imaginem
1515 2097 1710 2150 coegerit,

205 2184 255 2211 ne
287 2183 404 2210 unum
437 2169 594 2222 quidem
625 2169 799 2209 memini.

310 2379 374 2419 De
411 2379 584 2418 carmine
616 2377 856 2429 Callimachi,
886 2376 1046 2427 Hecale,
1076 2382 1233 2429 practer
1263 2377 1391 2418 locum
1422 2377 1712 2432 Etymologiei:

200 2450 368 2505 Ἑκάλη,
402 2451 542 2502 ἡρωῖζ·
590 2450 648 2497 εἰς
683 2447 732 2502 ἢν
759 2451 831 2489 καί
867 2447 1023 2503 ποίημα
1055 2446 1214 2503 ἔγραψε
1254 2451 1527 2502 Καλλίμαχος
1556 2453 1632 2492 etc.
1673 2453 1714 2489 et

207 2521 378 2562 Suidae:
414 2519 583 2576 Ἑκάλη·
626 2516 756 2573 ὄνομα
795 2521 960 2574 κύριον·
1010 2520 1033 2574 ἦ
1066 2520 1214 2575 ἧρωΐς,
1245 2521 1266 2575 ἦ
1303 2520 1416 2573 παρὰ
1446 2521 1712 2576 Καλλιμάχῳ

208 2598 283 2632 etc.
315 2606 414 2645 quos
445 2594 556 2634 locos
584 2598 722 2646 postea
753 2598 985 2633 tractaturus
1018 2606 1122 2642 sum,
1155 2598 1276 2632 testes
1307 2592 1383 2632 duo
1414 2592 1710 2644 locupletissimi

208 2669 297 2704 sunt
336 2666 531 2717 interpres
573 2678 742 2719 graecus
783 2665 1009 2704 Callimachi
1058 2665 1107 2704 ad
1151 2665 1187 2704 h.
1232 2665 1359 2716 Apoll.
1404 2663 1492 2704 106.
1540 2664 1712 2713 (Gallim.

206 2738 359 2790 Fragm.
391 2738 513 2776 Bentl.
540 2738 674 2788 LXV.)
704 2737 764 2776 his
794 2737 953 2776 verbis:

260 2812 429 2859 ἐγκαλεῖ
458 2808 525 2849 διὰ
555 2809 714 2849 τούτων
735 2805 834 2856 τούς
852 2807 1115 2855 σκώπτοντας
1142 2807 1262 2847 αὐτὸν
1281 2807 1339 2860 μὴ
1363 2805 1573 2848 δύνασθαι
1594 2808 1712 2862 ποιῆ-

260 2895 329 2919 σαι
356 2881 461 2934 μέγα
493 2881 667 2936 ποίημα,
702 2877 802 2921 ὅθεν
831 2875 1073 2933 ἠναγκάσθη
1106 2881 1275 2933 ποιῆσαι
1307 2878 1378 2932 τὴν
1403 2877 1584 2933 Ἑκάλην.
