1856 3126
797 106 1101 144 —12⁷-

391 220 477 261 τῶν
508 215 684 274 ἑτέρων,

175 293 209 334 si
244 296 307 333 est
337 303 389 332 ex
415 290 581 342 Hecale,
613 303 734 332 nemo
766 293 904 334 dicere
937 296 1139 348 potuisse,
1166 298 1242 338 nisi
1272 298 1358 350 ipsa
1385 296 1563 348 Hecale,
1597 296 1714 337 vide-

173 369 248 405 tur.
306 363 439 404 Alium
471 364 537 415 qui
573 364 626 404 ibi
671 364 791 406 suerit
829 377 918 406 cum
959 367 1113 407 Hecale
1152 374 1191 409 et
1231 370 1390 410 Theseo
1432 370 1603 421 tertius,
1631 380 1714 409 non

173 436 381 477 habemus.
441 434 622 476 Theseus
655 442 799 491 autem,
831 438 882 478 de
913 450 992 491 quo
1028 441 1233 494 cogitasse
1263 442 1556 493 Buttmannum,
1587 454 1716 495 eaque

177 509 230 549 de
261 519 406 549 caussa
437 503 601 562 ἑτάρων
628 510 857 551 coniecisse
888 513 1088 564 suspicor,
1118 524 1200 553 non
1233 514 1374 565 potuit,
1405 514 1438 552 si
1469 513 1562 565 quid
1583 513 1717 553 video.

171 581 271 622 Nam
302 568 446 632 neque·
468 590 540 619 cur
571 593 592 619 e
623 580 774 621 Colono
805 594 850 622 se
880 583 1021 623 venire
1057 583 1165 624 dicat
1195 584 1387 635 Theseus,
1422 590 1609 637 apparet3
1640 596 1721 625 ne-

170 665 248 706 que
279 653 366 705 quis
399 651 519 692 suerit
549 651 697 705 ἓταρος
729 653 812 705 ille,
845 654 981 706 liquet.
1041 655 1174 707 Atque
1205 656 1393 697 disertius
1427 657 1507 696 hoo
1539 657 1718 698 dicturus

170 726 313 766 suisset
339 729 481 778 poeta,
514 726 556 765 ni
587 724 727 766 fallor:
770 738 854 766 non
896 727 957 767 sic
988 727 1190 779 obscure,
1219 729 1304 768 τῶν
1333 724 1498 782 ἑτάρων
1526 745 1601 777 τις.
1662 732 1712 772 Ut

169 803 326 839 taceam
357 798 509 843 minus„
522 802 712 838 accurate
745 794 938 850 ὄμέστιον
971 801 1053 841 dici
1084 800 1134 840 de
1167 811 1242 852 eo,
1269 801 1335 853 qui
1368 801 1508 852 semel,
1537 807 1579 841 ut
1609 802 1717 842 The-

169 882 288 921 seus,
323 871 374 910 ad
408 870 578 923 aliquem
611 870 744 910 locum
777 872 951 916 accedit.
1012 873 1200 914 Fortasse
1229 885 1311 914 non
1341 869 1510 928 ἑτέρων,
1537 874 1610 915 sed
1641 874 1716 929 δή..

169 956 255 995 μου
287 942 519 983 tentandum
551 947 624 983 est.
684 943 771 983 Hoc
803 945 952 986 modo:

398 1011 443 1055 ἔκ
472 1029 526 1067 με
560 1016 808 1056 Κολωνάων
839 1032 900 1064 τις
929 1013 1126 1069 opt-{orion
1158 1011 1285 1070 ἤγαγε
1317 1018 1481 1070 δαίμων

394 1103 478 1128 ἴων
505 1101 670 1139 ἐϊὲῼων.

171 1171 225 1200 ex
253 1159 431 1200 Homero
462 1160 611 1213 Odyss.
636 1160 716 1204 Vll.
751 1160 846 1200 248.
877 1159 968 1200 ἀλλ’
999 1161 1074 1211 ἐμὲ
1103 1160 1176 1202 τὸν
1212 1157 1419 1215 ὃύστηιον
1449 1158 1720 1215 ἐφέστιον

170 1226 342 1284 ἤγαγε
377 1231 592 1284 δαίμων
624 1227 724 1272 οἷον.
759 1237 800 1272 et
828 1232 932 1273 XIV.
955 1233 1051 1276 386.
1083 1233 1179 1274 ἐπεί
1201 1248 1248 1274 σε
1279 1247 1353 1285 μοι
1385 1229 1511 1287 ἤγαγε
1541 1235 1720 1286 δαίμων.

174 1304 429 1346 XX1V.149.
462 1304 536 1345 καί
564 1302 658 1344 τότε
690 1300 738 1356 δή
771 1307 811 1358 ρ’
842 1305 1027 1358 Ὀδυσῆα
1059 1304 1185 1354 κακός
1219 1309 1350 1346 ποθεν
1383 1302 1510 1359 ἤγαγε
1543 1308 1721 1358 δαίμων.

172 1375 442 1416 Callimachus
476 1375 570 1416 Lav.
610 1375 702 1416 Pali.
734 1376 801 1415 81.
840 1376 900 1423 τίς
934 1390 981 1416 σε
1019 1400 1070 1408 -—
1104 1375 1298 1429 χαλεπιὶν
1332 1375 1432 1418 ὁδὸν
1465 1372 1591 1432 ἄγαγε
1623 1381 1723 1419 ὑαί-

170 1463 276 1500 μων.
335 1447 502 1488 Nonnus
533 1447 666 1488 XLIV.
698 1446 795 1486 ⁸265.
834 1447 1031 1500 Ἀκταίην
1070 1448 1115 1487 δὲ
1155 1444 1381 1501 μάχαιραν
1424 1448 1498 1489 ἀπ’
1528 1449 1724 1498 Ἀττίὸος

173 1514 304 1572 ἤγαγε
339 1519 519 1572 ὁάᾴιων.
580 1519 845 1572 Tryphiodor.
880 1520 975 1560 420.
1008 1524 1070 1567 τῖς
1101 1535 1147 1560 σε
1180 1519 1328 1571 πάλιν,
1357 1520 1609 1576 κακόμαντι,
1642 1522 1723 1562 dv-

174 1591 371 1644 σώιύμυς
400 1586 530 1645 ἤγαγε
559 1592 737 1644 δαίμων.
781 1594 862 1633 τῶν
895 1589 1051 1644 ἑτέρων
1082 1594 1133 1632 iia
1165 1594 1337 1645 accipio,
1371 1595 1592 1635 insolenter
1622 1606 1722 1634 sane

177 1667 352 1718 dietum,
383 1671 427 1706 ut
458 1666 659 1720 significet
692 1666 767 1706 hos
797 1666 913 1709 alios.
976 1664 1172 1718 ὁμέστιος
1207 1666 1445 1706 vocabulum
1475 1672 1567 1720 post
1599 1667 1725 1708 Calli-

177 1739 364 1780 machum
394 1740 623 1792 frequentat
652 1739 831 1780 Nomius.
892 1742 1109 1786 συνέστιος
1139 1740 1240 1791 apud
1270 1739 1539 1792 Apollonium,
1569 1739 1724 1792 Oppia-

173 1824 288 1864 num,
338 1818 378 1853 et
420 1824 561 1854 rursus
605 1812 816 1862 Nonnum3
864 1812 1091 1863 παρέστιος
1134 1811 1283 1855 Callim.
1327 1813 1484 1865 Fragm.
1518 1812 1716 1852 CCCCXl.

171 1885 362 1938 Aponon.
395 1885 566 1939 Oppian.
627 1882 824 1939 ἐφέστιος
854 1889 945 1936 post
982 1884 1198 1924 Homerum
1228 1885 1466 1937 Apollonius
1497 1889 1537 1924 et
1567 1884 1722 1937 Oppia-

171 1971 248 1999 nus
292 1971 441 2012 saepe,
471 1963 551 1999 tum
593 1958 671 1998 alii.
732 1958 829 1998 Cum
867 1958 1049 2010 genitivo
1091 1956 1186 1996 illud
1231 1957 1426 1996 construit
1469 1957 1719 2010 Sophocles:

170 2032 351 2073 Δωδῶνι
383 2030 512 2072 ναίων
544 2028 657 2078 Ζεὺς
689 2027 882 2081 ὁμὲστιος
910 2029 1090 2082 βροτεᾶν.
1153 2029 1265 2070 llaec
1296 2032 1329 2071 si
1360 2043 1457 2070 vera
1487 2035 1593 2081 Sunt,
1621 2041 1723 2069 nar-

172 2104 288 2144 rabat
315 2103 466 2143 Hecale
495 2114 540 2144 se
587 2115 609 2143 e
651 2103 805 2142 Colono
845 2114 934 2142 eum
969 2104 1010 2142 in
1042 2102 1202 2157 locuni,
1234 2115 1350 2156 quem
1381 2102 1617 2154 habitabat,
1648 2103 1715 2155 qui

172 2181 314 2229 postea
345 2187 493 2217 nomen
523 2176 573 2216 ab
605 2176 691 2229 ipsa
723 2175 872 2226 traxit,
899 2175 1129 2218 devenisse.

284 2250 460 2289 Divitem
491 2248 587 2288 olim
620 2250 745 2289 fuisse
777 2248 948 2301 colligas
972 2260 1022 2287 ex
1052 2248 1294 2302 Fragmento
1320 2247 1437 2288 Lla.⁴⁶

401 2322 622 2375 ὸίνομέιήν
654 2317 736 2360 ὑπὸ
769 2319 920 2371 βουσίν
951 2317 1058 2373 ἑμὴν
1086 2318 1328 2374 ἐφύλασσεν
1359 2316 1491 2361 ἅλωα.

174 2392 293 2440 Quod
338 2392 605 2446 fragmentum
644 2404 790 2443 nemo,
823 2396 945 2445 puto,
979 2393 1016 2431 in
1050 2392 1200 2433 Hecale
1231 2397 1430 2446 poneret,
1459 2392 1538 2432 nisi
1570 2391 1722 2430 diserte

174 2466 387 2506 afferretur
420 2478 472 2505 ex
498 2465 662 2505 Hecale.
720 2465 848 2516 Nunc,
877 2477 994 2518 quum
1027 2466 1105 2507 boc
1135 2470 1286 2506 certum
1317 2467 1366 2505 sit
1377 2479 1388 2515 3
1423 2463 1570 2504 deinde
1600 2474 1718 2515 quum

177 2542 340 2590 praeter
369 2536 494 2589 ipsam
526 2536 705 2577 Hecalen
741 2549 860 2577 nemo
896 2539 962 2588 sit,
992 2550 1109 2590 quem
1144 2539 1223 2578 boc
1256 2538 1408 2577 dixisse
1441 2538 1489 2577 de
1519 2549 1590 2577 sua
1623 2548 1721 2576 area

174 2610 391 2650 coniicias:
432 2608 510 2648 nisi
541 2607 737 2650 Theseum
769 2610 907 2650 dicere
941 2614 1116 2650 statuas:
1157 2612 1390 2650 coniectura
1435 2609 1635 2660 nascitur,
1667 2608 1718 2649 de

172 2683 341 2736 pristino
374 2681 484 2734 loqui
512 2681 689 2722 Hecalen
721 2686 901 2736 tempore
921 2713 932 2733 ,
959 2694 1038 2735 quo
1069 2694 1205 2723 aream
1237 2682 1422 2723 babuerit
1450 2687 1490 2723 et
1519 2694 1618 2735 opus
1653 2682 1720 2722 sa·-

174 2755 330 2796 cientes
373 2755 414 2795 in
446 2767 494 2795 ea
528 2756 684 2809 boves,
715 2756 1008 2809 laetioremque
1042 2767 1091 2796 eo
1123 2755 1434 2808 hospitalitatem
1475 2755 1717 2796 exercuerit.

176 2828 282 2870 Sane
321 2828 449 2869 boves
479 2828 670 2871 habuisse
715 2831 803 2872 sive
833 2829 1019 2882 Aegeum
1062 2830 1149 2869 sive
1182 2829 1378 2871 Theseum
1398 2859 1410 2880 ,
1458 2839 1611 2880 eosque
1642 2837 1717 2867 suo
