1820 3141
730 119 978 158 -5-

101 243 142 280 et
171 239 413 291 Crinagoras
449 238 754 291 epigrammate,
788 249 865 290 quo
900 236 1088 277 Marcello
1135 237 1248 278 mittit
1277 237 1452 277 Hecalcn
1488 238 1611 277 Calli-

96 311 240 361 machi,
265 309 444 350 Analect.
466 309 528 349 Br.
557 309 598 349 Τ.
620 309 665 348 ll.
685 322 720 361 p.
744 311 832 349 144.
861 309 1020 349 Anthol.
1038 310 1157 349 l’alat.
1187 310 1226 351 Τ.
1245 310 1290 350 ll.
1312 322 1347 362 p.
1373 310 1461 350 193.
1495 310 1610 358 Quod

97 386 337 436 epigramma
370 385 522 420 mature
558 381 843 432 adhibuerunt,
875 382 978 427 inter
1018 382 1242 421 testimonia
1274 381 1322 421 de
1357 381 1612 433 Callimacho,

95 454 273 494 editores
304 452 544 493 Callimachi.
603 453 651 492 Ut
681 452 724 492 B.
745 452 957 492 Vulcanius
986 463 1023 503 p.
1054 452 1147 492 263.
1205 452 1254 492 Et
1282 454 1422 493 Nicod.
1442 453 1609 494 Frisch-

95 525 196 566 linus
226 526 266 565 in
296 525 382 566 Vita
414 524 654 565 Callimachi.

204 596 492 650 Καλλιμάχου
525 593 571 635 τὸ
605 593 806 648 τορευτὸν
839 593 937 644 ἔπος
962 592 1086 635 τόδε·
1128 592 1178 647 δὴ
1208 593 1287 650 γάρ
1319 597 1383 638 ἐπ’
1408 595 1523 653 αὐτῷ

259 667 370 721 ὡνὴρ
399 667 498 715 τοὺς
526 670 737 708 ΙΙΙουσέων
765 665 922 715 πάντας
950 664 1085 708 ἔσεισε
1114 666 1260 715 κάλως.

205 738 338 780 ἀείδει
369 740 407 778 δ’
427 736 606 794 εΕκοίλης
636 754 679 779 τε
709 738 955 793 φιλοξειίὀιο
984 734 1156 792 καλιήν,

258 812 331 851 καί
361 812 498 866 Θησεῖ
520 808 754 863 Πλαραθών
784 808 860 857 οὓς
889 810 1066 864 ἐπέθηκε
1093 809 1261 857 πόνους·

200 885 278 923 τοῦ
309 884 377 923 σοι’
405 884 477 922 καί
503 879 653 933 νεαρὸν
680 884 836 934 χειρῶν
863 883 1011 929 σθένος
1039 879 1103 936 εἴη
1133 881 1331 934 εἰρέσθαι,

258 954 515 1008 Μάρκελλε,
546 955 711 993 κλεινοῦ
743 955 779 994 τ’
809 949 922 994 αἶνον
951 951 1040 994 ἴσον
1073 952 1231 1005 βιότου.

90 1028 220 1081 Atque
248 1026 310 1067 his
344 1026 498 1067 duobus
525 1026 761 1067 testimoniis
794 1026 925 1066 omnia
955 1025 1163 1075 contineri,
1194 1036 1295 1077 quae
1326 1025 1419 1064 sciri
1451 1025 1500 1065 de
1531 1039 1607 1066 na-

89 1105 192 1151 tura,
225 1099 388 1148 ambitu,
421 1103 653 1153 argumento
687 1099 872 1138 carminis
905 1097 1158 1137 Callimachei
1185 1101 1375 1148 possunt,
1406 1102 1445 1137 ct
1476 1098 1514 1137 in
1545 1099 1606 1139 his

91 1172 433 1214 exaedificandum
464 1184 555 1212 esse
589 1171 777 1211 carminis
807 1170 909 1210 illius
940 1170 1168 1223 imaginem,
1196 1169 1261 1207 diu
1285 1174 1345 1208 cst
1374 1181 1489 1220 quum
1512 1171 1606 1211 mihi

89 1257 322 1300 persuasum
356 1244 438 1283 suit.
498 1243 550 1284 At
580 1242 931 1295 locupletissimum
961 1246 1102 1282 testem
1132 1253 1247 1293 quum
1283 1241 1373 1281 dico
1404 1242 1606 1294 interpre-

85 1323 164 1359 tem
198 1319 328 1368 istum,
356 1316 434 1356 hae
467 1314 696 1355 conditione
726 1313 846 1363 dico,
886 1318 928 1353 ut
963 1312 1027 1352 ille
1070 1317 1182 1352 recte
1225 1314 1453 1365 accipiatur.
1521 1317 1604 1356 Nee

86 1397 165 1432 tam
193 1391 272 1431 hoc
298 1395 341 1430 ut
371 1393 569 1437 teneatur,
599 1387 707 1439 quod
738 1387 862 1427 verba
891 1386 1103 1438 loquuntur
1129 1386 1287 1436 scholii,
1319 1391 1357 1425 et
1380 1386 1485 1438 quod
1518 1388 1603 1437 ipse

86 1465 326 1506 scholiastes
357 1462 544 1513 senserit,
577 1473 693 1513 quam
723 1460 850 1500 latens
883 1460 954 1500 sub
982 1459 1115 1499 verbis
1146 1459 1372 1510 interpretis
1402 1471 1475 1498 nec
1509 1459 1603 1499 boni

84 1548 162 1577 nee
191 1536 307 1576 valde
350 1535 498 1588 antiqui
537 1547 633 1574 vera
682 1533 873 1573 doctioris
915 1537 1031 1584 atquc
1078 1531 1309 1582 antiquioris
1354 1533 1601 1583 grammatici

85 1609 290 1663 cuiusdam
322 1609 534 1648 sententia.
594 1607 753 1649 Scilicet
784 1606 880 1645 viris
926 1604 1055 1645 doctis
1098 1603 1281 1643 scholion
1320 1603 1422 1642 istud
1465 1606 1599 1657 magni

83 1689 226 1722 caussa
258 1681 409 1722 erroris
441 1680 524 1719 fuit.
583 1679 710 1726 Quum
743 1678 849 1717 enim
879 1680 1068 1731 tenerent>
1089 1675 1194 1729 quod
1224 1676 1277 1715 ibi
1308 1677 1494 1727 seriptum
1526 1682 1599 1727 cst,

79 1753 188 1804 μέγα
215 1755 401 1806 ποίημα,
446 1752 705 1792 Casaubonus
735 1748 946 1789 AnimadV.
990 1749 1028 1788 in
1067 1747 1210 1787 Athen.
1240 1747 1309 1787 lib.
1340 1747 1402 1787 III.
1438 1761 1524 1800 cap.
1561 1751 1595 1789 1.

80 1836 118 1876 p.
146 1822 234 1864 147.
273 1824 534 1876 Spanhemius
555 1823 604 1863 ad
627 1823 774 1863 Callim.
797 1822 834 1862 h.
853 1822 980 1873 Apoll.
1005 1820 1094 1862 106.
1125 1820 1174 1860 de
1202 1820 1339 1860 neseio
1365 1831 1438 1871 qua
1465 1819 1600 1872 longi-

80 1891 222 1937 tudine
249 1897 406 1949 lateque
431 1900 592 1948 patente
624 1896 770 1936 ambitu
798 1895 983 1934 carminis
1013 1894 1127 1934 huius
1156 1894 1335 1946 cogitare
1369 1897 1599 1944 coeperunt.

80 1970 183 2010 Hine
213 1975 273 2010 est
305 1969 411 2023 quod
431 1970 547 2010 Aetia
570 1968 850 2008 Callimachum
877 1972 964 2020 post
988 1967 1163 2007 Hecalen
1193 1966 1403 2017 scripsisse
1438 1965 1601 2004 coniicit

82 2042 370 2083 Casaubonus:
401 2042 507 2095 quod
536 2053 665 2094 neque
696 2041 784 2081 aliis
812 2040 1033 2081 rationibus
1067 2039 1323 2092 probabitur,
1350 2049 1482 2090 neque
1523 2037 1598 2077 hac

82 2115 285 2166 probatur,
311 2127 386 2166 qua
408 2115 526 2153 utitur
546 2113 816 2153 Casaubonus.
866 2112 1052 2162 Tandem,
1082 2113 1221 2164 inquit,
1250 2115 1295 2151 ut
1320 2123 1366 2151 os
1393 2110 1602 2150 obturaret

82 2186 200 2225 malis
228 2186 474 2237 hominibus,
499 2200 682 2239 maymem
708 2199 854 2238 poema
881 2186 1056 2225 Hecaten
1085 2186 1321 2237 inscriptum
1350 2189 1514 2224 coactus
1543 2188 1602 2222 est

84 2258 215 2298 edere.
245 2283 300 2291 —
331 2249 503 2311 Scripsit
534 2265 571 2299 et
603 2254 704 2311 opus
736 2260 848 2299 aliud
871 2259 1070 2310 poeticum
1099 2259 1181 2298 τῶν
1211 2258 1396 2307 Αἰτίων,
1428 2268 1600 2296 caussa-

84 2342 185 2379 rum,
214 2332 319 2382 quod
345 2332 432 2371 sine
456 2331 574 2371 (lubio
594 2332 748 2383 lowyz'us
775 2331 854 2384 suit
878 2343 1024 2382 poema
1053 2343 1171 2381 quam
1198 2330 1291 2380 ipsa
1309 2329 1481 2368 Hecale:
1513 2327 1598 2378 sed,

84 2407 130 2442 ut
157 2402 326 2453 videtur,
351 2404 556 2454 posterius
582 2405 801 2454 scriptam:
832 2403 920 2443 ideo
950 2403 1013 2442 hic
1044 2402 1286 2442 Scltolz'astes
1312 2401 1488 2441 Heccclen
1518 2412 1598 2450 pe-

83 2475 163 2514 tius
191 2475 383 2526 nominat,
412 2487 531 2526 quam
562 2488 746 2516 caussa-5.
804 2476 997 2529 Fugiebat
1025 2474 1299 2515 Casaubonum
1329 2479 1406 2513 tam
1438 2473 1599 2512 diversa

82 2559 235 2601 genere
269 2559 316 2587 ac
355 2552 496 2587 natura
530 2548 647 2587 Aetia
689 2553 728 2587 et
763 2548 939 2588 Hecalen
981 2548 1131 2596 fuisse,
1169 2546 1285 2599 plane
1328 2549 1369 2585 ut
1412 2545 1517 2584 inter
1553 2557 1599 2584 se

85 2620 310 2672 comparari
341 2623 564 2671 nequeant:
596 2620 787 2672 fugiebat,
821 2621 926 2673 quod
954 2620 1166 2672 postmodo
1196 2622 1407 2659 senserunt
1437 2618 1528 2668 alii,
1561 2622 1599 2657 ct

85 2693 310 2744 nuperrime
342 2691 598 2731 Buttmannus
629 2691 846 2731 Comment.
881 2692 930 2731 de
961 2677 1136 2745 Cydippe
1172 2703 1208 2743 p.
1239 2690 1276 2731 9.
1309 2694 1349 2730 et
1382 2691 1443 2730 18.
1489 2690 1600 2742 (My-

86 2763 235 2817 tholog.
254 2764 300 2804 11.
331 2777 365 2816 p.
400 2765 488 2804 125.
525 2761 614 2803 141.
633 2769 714 2814 sq.)
745 2762 1043 2812 demonstravit,
1073 2763 1189 2801 Aetia
1217 2772 1297 2801 non
1327 2773 1446 2800 unum
1478 2765 1596 2811 atque

88 2836 316 2877 continuum
336 2848 512 2888 carmen,
532 2834 605 2876 scd
627 2834 740 2875 tario
762 2838 996 2888 argumento
1019 2834 1156 2886 fuisse,
1180 2838 1219 2875 ct
1239 2833 1408 2875 diversis
1425 2832 1599 2884 partibus
