1856 3126
751 115 1054 151 ——172—

135 228 230 269 Mihi
250 239 410 281 semper
438 229 532 270 illud
561 226 702 284 ἶήτρὸς
729 254 782 260 —
809 231 974 270 πολλῶν
1002 229 1191 282 ἀντάξιος
1223 226 1360 272 ἄλλων
1382 235 1474 272 ame
1496 231 1677 290 anim-tun⁶

138 305 335 351 versatur,
367 305 407 341 et
435 302 633 341 sententia
660 300 767 341 talis:
804 301 1012 341 multorum
1047 303 1253 343 infantium
1285 304 1410 342 instar
1440 303 1676 353 habere-,ine

142 381 287 410 venem
320 371 507 411 adultum.
566 371 731 419 Qualem
769 373 1007 413 sententiam
1040 374 1157 414 ctiam
1194 375 1243 414 ad
1275 375 1472 414 Theseum
1505 386 1675 415 accom-

140 441 342 490 modabit,
373 443 439 494 qui
461 442 582 482 volet.
641 442 798 494 μέσσον
828 454 986 496 quoque
1024 456 1105 484 non
1144 447 1365 497 putaverim
1400 445 1530 497 μέσον
1564 458 1673 498 esse,

137 513 212 553 sed
242 526 264 553 a
295 515 464 570 μέσσων
498 515 523 554 i.
552 527 587 555 e.
621 516 796 567 μείζων,
830 515 1063 556 insolenter.
1131 516 1216 556 Etsi
1254 517 1385 557 fateor
1422 517 1568 558 nullum
1609 529 1674 558 me

139 584 292 625 formae
318 585 460 636 huius,
494 588 689 637 με’σσων,
724 592 873 627 certum
907 587 1153 640 exemplum,
1191 593 1352 641 praeter
1389 589 1675 642 grammaticos

142 657 206 707 qui
241 668 288 695 ea
324 657 364 695 in
397 657 636 709 explicanda
677 658 805 698 forma
836 658 960 699 altera
988 661 1145 710 μειζων
1186 664 1373 712 utuntur,
1405 659 1566 705 habere.
1626 661 1675 701 Et

135 728 197 768 sle
225 727 384 780 quidem
417 727 507 769 ἀλλ’
539 726 634 769 ἀντί
670 730 866 782 βρεφέων
895 730 1060 769 πολλῶν
1099 731 1188 770 νέον
1223 728 1362 782 εἴρενα
1399 731 1571 781 μέσσω,
1610 730 1675 770 vel

138 800 258 839 etiam
286 801 443 850 μέσσον
473 804 680 851 neutrum,
715 825 767 832 —
800 801 903 840 bene
934 801 1193 842 illustrabitur
1226 814 1277 841 ex
1307 801 1507 853 Sophocle
1535 803 1672 856 Antig.

141 871 232 911 182.
265 869 338 911 καί
363 871 559 923 μείζον’
586 868 702 919 ὅστις
735 872 858 912 (ivri
886 875 960 926 τῆς
990 871 1122 913 αὑτοῦ
1151 867 1315 926 πάτρας
1344 871 1467 928 φίλον
1494 873 1672 924 νομίζει.

135 943 225 984 Alia
259 943 429 983 audacia
459 948 534 995 est,
565 944 763 984 vocabula
786 944 959 984 barbara
980 944 1147 994 inferre,
1176 957 1327 997 graece
1358 945 1475 985 flexa.
1511 942 1673 997 Βάκαλ,

133 1013 341 1066 βοίκαλεςε
370 1015 527 1067 Fiagm.
556 1028 608 1054 ex
637 1015 927 1055 Choerobosco
958 1027 1019 1067 ap.
1051 1015 1223 1055 Bekker.
1252 1015 1407 1056 Anecd.
1440 1017 1506 1057 Gr.
1539 1016 1604 1056 ΙΙΙ.
1635 1029 1676 1069 p.

139 1084 262 1126 1174.
296 1091 396 1126 exti.
442 1091 482 1126 et
515 1087 729 1140 Goettling.
771 1088 810 1127 in
844 1087 1046 1127 Theodos.
1078 1100 1115 1140 p.
1145 1087 1239 1129 234.
1285 1087 1350 1129 cf.
1369 1087 1413 1170 L.
1446 1087 1675 1128 Dindorlius

134 1158 175 1198 in
206 1157 322 1197 Thes.
359 1158 493 1210 Steph.
525 1172 562 1200 v.
593 1158 757 1199 Βάκαλ.
819 1158 868 1198 Et
898 1158 1092 1213 ὃανάκης.

246 1229 385 1270 Redeo
417 1229 468 1270 ad
496 1230 675 1270 Hecalen
706 1234 746 1270 et
772 1242 839 1270 res
869 1235 1007 1283 gestas
1037 1231 1195 1270 Thesei.

246 1301 527 1356 Fragmentum
562 1306 624 1342 est
657 1303 762 1343 inter
790 1302 1024 1342 Bentleiana
1056 1300 1256 1342 CCCXVl.

797 1371 818 1413 ὅ
849 1374 885 1413 δ’
913 1374 989 1414 ov'ae
1019 1370 1129 1414 ὄθετ’
1161 1371 1316 1414 αἴσυλα
1347 1371 1497 1428 ῥέζων.

137 1444 259 1497 quod,
292 1449 335 1485 ut
365 1447 416 1485 ἵν’
443 1441 593 1498 ἔλλερα
621 1445 754 1485 πολλὰ
793 1447 1004 1499 τέλεσκεν,
1036 1451 1164 1498 aptum
1197 1445 1247 1485 ad
1277 1445 1510 1498 Periphetae
1543 1444 1676 1496 histo-

135 1518 261 1567 riam‚
294 1517 367 1557 sed
399 1521 532 1569 aptum
561 1517 697 1558 itidem
727 1517 778 1558 ad
808 1518 986 1558 latrones
1015 1530 1037 1557 a
1068 1517 1224 1557 Theseo
1252 1516 1500 1568 perdomitos
1532 1528 1673 1556 omnes

135 1593 234 1628 erat..
293 1588 438 1628 Verum
470 1589 533 1630 hic
567 1594 719 1629 mature
755 1589 949 1630 dubitatio
983 1594 1126 1630 exorta
1159 1593 1231 1639 est,
1262 1601 1313 1628 an
1343 1599 1391 1627 ea
1423 1588 1586 1628 Homeri
1620 1599 1673 1628 ex

135 1658 247 1698 Iliad.
282 1659 326 1699 V.
350 1659 445 1700 403.
478 1661 571 1708 sint,
601 1671 682 1700 non
716 1660 946 1700 Callimachi
973 1661 1109 1700 verba.
1167 1661 1346 1701 Eandem
1370 1660 1671 1710 dubitationem,

138 1732 439 1784 eorundemque
470 1731 659 1783 virorum,
687 1731 857 1772 vidimus
889 1732 930 1772 in
956 1732 1196 1785 Fragmento
1217 1731 1493 1773 CCLXXXlX.
1512 1732 1606 1784 Cap.
1622 1731 1670 1788 V.

136 1815 172 1856 p.
208 1803 297 1843 132.
355 1803 404 1843 Et
427 1803 605 1844 Ernestii
642 1804 683 1844 in
713 1815 799 1843 rem
820 1835 831 1855 ‚
875 1804 942 1856 qui
977 1804 1190 1856 utrobique
1228 1805 1283 1852 ita
1326 1804 1470 1855 sentit,
1506 1803 1671 1844 licuisse

138 1874 382 1914 Callimacho
414 1887 527 1915 suum
558 1875 696 1915 faeere
720 1874 885 1915 Homeri
915 1876 1076 1928 aliquod
1098 1874 1405 1927 hemistichium,
1437 1875 1674 1927 adscripse-

136 1957 222 1986 ram
254 1946 314 1985 sic
347 1956 460 1985 suum
491 1945 642 1985 fecisse
674 1945 955 1985 Callimachum
996 1946 1033 1986 h.
1068 1947 1108 1986 in
1140 1947 1228 1987 Cer.
1266 1947 1355 1988 116.
1418 1947 1674 1987 Homericum

140 2017 309 2065 αἰτίζων
346 2016 549 2068 α’κόλουςς
598 2022 638 2057 et
680 2029 732 2057 ex
772 2022 941 2070 utroque
987 2018 1200 2071 Agathiam
1240 2019 1373 2059 LXVI.
1405 2018 1444 2059 6.
1480 2019 1675 2065 αἰτίσσας

139 2087 330 2135 α’κόλους.
386 2090 513 2142 Finge
545 2089 802 2130 intercidisse
833 2089 1019 2142 hymnum
1054 2090 1285 2131 Callimachi
1321 2091 1363 2130 in
1389 2091 1601 2141 Cererem,
1632 2094 1674 2130 at

140 2163 381 2199 conservata
424 2171 476 2199 ex
517 2171 567 2200 eo
612 2172 635 2200 a
673 2163 939 2213 grammatico
985 2161 1158 2214 quodam
1203 2161 1306 2202 haec
1344 2172 1458 2203 esse:
1502 2161 1673 2210 αἰτίζων

141 2228 302 2278 α’κόλως
331 2231 417 2280 (vel
447 2228 668 2282 ἀκόλους)·
710 2233 1003 2285 Καλλίμαχος.
1065 2233 1161 2280 Quis
1191 2245 1274 2273 non
1303 2235 1453 2274 erroris
1484 2234 1676 2286 argueret

141 2304 465 2357 grammaticum,
509 2308 549 2343 et
587 2303 751 2344 Homeri
792 2305 919 2344 verba
959 2317 1051 2345 esse
1095 2304 1169 2346 Od.
1206 2305 1326 2345 Xvn.
1355 2306 1449 2346 222.
1491 2302 1676 2344 diceret?

144 2377 263 2416 Certe
294 2376 403 2415 multi
435 2375 641 2428 dicerent,
673 2388 804 2428 neque
832 2377 998 2417 refutari
1030 2388 1078 2416 ea
1120 2377 1318 2418 sententia
1347 2380 1510 2428 posset,
1541 2379 1581 2414 et
1609 2378 1676 2414 ta-

143 2460 234 2488 men
265 2448 509 2488 fallerentur.
569 2448 720 2487 Rursus
743 2447 971 2487 Ruhnkenii
997 2448 1138 2500 Epistt.
1170 2447 1298 2488 Tittm.
1330 2459 1367 2499 p.
1389 2446 1480 2487 103.
1510 2449 1678 2486 senten-

145 2520 236 2568 tiae,
265 2519 331 2571 qui
363 2531 414 2559 ex
442 2519 616 2559 Homero
646 2530 738 2559 esse
768 2517 787 2559 ὁ
811 2519 849 2559 δ’
879 2519 953 2558 οὐκ
979 2513 1090 2560 ὄθετ’
1116 2517 1271 2560 αἴσυλα
1288 2517 1435 2573 ῥέζων,
1458 2522 1498 2557 et
1516 2525 1678 2557 errasse

145 2591 474 2643 grammaticum,
503 2590 720 2640 censebat,
749 2601 896 2629 novam
927 2602 1163 2642 paraveram
1207 2588 1595 2629 commendationem
1627 2596 1679 2624 ex

148 2672 222 2710 eo,
253 2663 357 2712 quod
388 2674 494 2702 nunc
526 2661 660 2701 edocti
694 2661 858 2701 scholiis
889 2661 992 2712 apud
1020 2661 1214 2713 Heynium
1243 2666 1284 2701 et
1313 2659 1538 2701 Bekkerum
1569 2656 1678 2696 anti-

149 2732 237 2782 quis
266 2735 439 2783 scimus,
479 2734 602 2774 fuisse
649 2734 717 2786 qui
755 2744 827 2785 pro
863 2732 1023 2785 vulgata
1059 2732 1114 2771 ibi
1159 2744 1287 2784 eaque
1330 2742 1427 2770 vera
1467 2730 1678 2780 scriptura,

149 2798 191 2848 ὃς
221 2802 297 2840 οὐκ
326 2796 435 2841 ὄθετ’
466 2800 624 2844 αἴσυλα
655 2802 802 2857 ῥέζων,
836 2804 1043 2857 legerent:
1071 2800 1127 2844 ὅτ’
1149 2802 1224 2843 οὐκ
1253 2798 1288 2843 ὅ.
1318 2800 1375 2843 αἴ.
1404 2799 1445 2855 ῥ.
1502 2799 1681 2853 Apparet
