1856 3126
828 123 1132 160 —226-

212 234 439 289 Βριλησός,
471 230 604 286 ὄνομα
634 233 765 276 τόπου
793 238 867 291 τῆς
894 236 1116 291 Ἀττικῆςε
1147 238 1214 280 ubi
1243 251 1351 280 nunc
1373 243 1412 279 et
1436 238 1652 280 Simonidis
1680 239 1745 280 lo-

212 319 284 347 cus
315 307 381 347 ille
412 307 620 357 laudatur,
651 311 690 346 et
721 313 834 359 τρεῖς
863 310 968 360 χοῦς
1002 310 1171 360 μέλιτος
1199 311 1456 365 Βριληττιόυ
1498 323 1550 351 cx
1596 312 1739 351 codem

209 378 488 432 Etymologico
522 391 557 430 p.
588 377 678 429 149,
705 378 769 418 24.
830 379 1081 434 Βριλησσός,
1113 394 1162 422 an
1194 395 1245 422 cx
1274 395 1399 434 nuper
1428 383 1536 423 edito
1567 395 1740 435 praece-

208 456 274 503 pto
303 450 553 503 Theognosti
585 450 737 497 (Cram.
769 451 816 491 A.
853 451 918 492 Gr.
952 452 999 493 11.
1031 466 1069 506 p.
1093 454 1160 506 73,
1194 455 1252 503 2.)
1287 457 1520 508 Βρίλησοςε
1553 460 1646 495 nota
1675 455 1738 495 vel

209 536 260 563 cx
291 523 525 575 Thucydide
557 523 748 564 varietas.
808 523 1068 565 Ruhnkenius
1098 527 1137 566 in
1169 527 1308 579 Epistt.
1333 526 1460 566 Tium.
1489 539 1525 578 p.
1550 527 1638 567 102.
1668 527 1738 566 Li-

207 597 317 636 hanii
349 601 389 636 et
417 595 614 635 Plutarchi
656 596 849 648 exemplis
878 609 989 637 usum
1026 599 1138 638 vocis
1176 596 1340 651 λαγών,
1382 596 1579 650 λαγόνες,
1623 610 1739 638 com-

207 666 374 717 probat,
406 665 455 704 de
485 677 562 718 quo
604 666 637 705 is
668 667 731 706 cui
765 666 1029 719 fragmentum
1074 668 1242 707 debetur
1273 668 1525 719 Callimachi,
1565 669 1738 709 Galenus

206 736 247 778 T.
278 737 343 777 IX.
371 749 407 789 p.
437 737 532 778 363.
566 737 628 777 ed.
666 738 772 790 Lips.
834 739 892 778 Ex
921 725 1168 791 Alciphronc
1210 738 1273 778 Ill.
1321 740 1385 779 23.
1431 738 1474 780 αἱ
1506 739 1737 793 Βριλήσιαι

205 806 391 861 λαγόνες,
421 810 540 850 etiam
572 809 620 848 ab
646 810 945 850 Hemsterhusio
974 810 1174 850 admotum
1205 811 1459 852 Callimacho.
1518 814 1737 863 ποταμοῦ-

205 879 347 932 λαγόνι
378 881 509 933 Antip.
541 881 622 922 Sid.
655 882 797 922 XXIII.
827 883 898 931 (A.
931 883 1008 922 Pal.
1040 883 1081 922 T.
1105 883 1132 922 Ι.
1163 895 1199 934 p.
1226 884 1337 932 280.)
1362 883 1400 923 6.
1459 881 1643 935 λαγόνες,
1672 884 1737 924 la·-

206 956 291 992 tcra
337 952 507 1005 lapidis,
549 954 683 1003 urbis,
727 953 920 1006 sepulcri:
967 954 1132 994 Nonnus
1177 955 1372 995 XXXVII.
1409 956 1499 995 108.
1532 955 1611 995 XL.
1638 956 1734 996 318.

206 1024 425 1076 Gregorius
443 1025 578 1078 Epigr.
610 1028 696 1066 185.
723 1027 811 1065 1558.
874 1025 1056 1065 Graecus
1090 1026 1286 1076 interpres
1309 1027 1461 1078 Virgilii
1483 1026 1567 1065 Ecl.
1585 1026 1647 1066 IV.
1668 1027 1734 1067 30.

203 1099 395 1148 σκληρῶν
411 1121 434 1128 -
455 1095 608 1151 πεύκης
631 1094 833 1150 λαγόνων.
893 1097 1059 1137 Nonnus
1083 1098 1126 1136 II.
1148 1097 1242 1137 390.
1301 1095 1628 1152 λαγών-γαίης.
1658 1100 1737 1139 nisi

203 1166 281 1207 hoc
312 1169 440 1221 magis
474 1167 523 1207 ad
565 1168 681 1207 aliam
726 1168 1035 1220 disputationem
1068 1168 1323 1208 referendum
1345 1199 1356 1219 ,
1402 1181 1518 1221 quum
1565 1168 1737 1222 λαγόνες

204 1244 295 1279 sunt
329 1240 412 1290 ilia,
442 1240 615 1279 viscera.
676 1239 884 1279 Caeterum
917 1236 1161 1292 λαγόνεσσιν
1192 1235 1396 1292 ὁμούριον
1419 1242 1498 1281 ἐκτ.
1522 1241 1736 1281 admodum

203 1312 300 1351 felix
328 1311 496 1351 Bentleii
528 1312 756 1352 emendatio
787 1318 847 1353 est
880 1325 931 1352 ex
961 1313 1065 1365 vulg.
1101 1312 1204 1364 apud
1235 1311 1425 1352 Galenum
1458 1313 1626 1365 λαγόνες
1655 1313 1748 1353 εἰσί

204 1381 336 1433 νόμου
372 1379 418 1421 ὃν
449 1382 530 1423 ἐκτ.
589 1382 771 1423 Addatur
803 1396 924 1434 vera,
962 1388 1003 1423 ut
1039 1383 1223 1434 videtur,
1268 1384 1469 1424 correctio
1500 1383 1736 1424 Blomficldii

204 1454 462 1494 ἐκτίσσαντο.
521 1459 563 1494 ut
592 1454 791 1494 sententia
827 1456 899 1503 sit,
939 1454 1028 1494 illos
1068 1455 1357 1494 conterminum
1391 1455 1566 1495 Brilesso
1612 1455 1736 1494 monti

204 1526 417 1577 oppidum,
468 1527 629 1577 vicum,
675 1527 831 1579 δῆμον,
879 1527 1125 1566 condidisse.
1210 1526 1408 1579 Comparo
1453 1527 1735 1567 Callimachum

202 1597 358 1651 Fragm.
389 1597 483 1637 CIV.
514 1599 596 1638 λᾶα
627 1595 742 1650 παρὰ
776 1599 930 1649 ξανθῆς
956 1597 1179 1650 Ἁρμονίης
1198 1622 1253 1628 ——
1276 1593 1458 1650 ἄστυρον
1480 1594 1734 1638 ἐκτίσσαντο.

203 1669 408 1722 Euphorio
440 1670 596 1723 Fragm.
625 1670 667 1709 L.
702 1670 736 1708 1.
797 1669 1032 1720 Apollonius
1065 1669 1129 1709 111.
1164 1670 1281 1710 1094.
1310 1669 1347 1708 5.
1382 1667 1574 1722 Μινύην,
1614 1665 1736 1709 ἔνθεν

205 1741 331 1796 φάτις
359 1740 630 1795 Ὀρχομενοῖο
653 1739 704 1793 δή
736 1755 832 1780 ποτε
856 1741 1138 1791 Καδμείοισιν
1169 1737 1369 1793 ὁμούριον
1397 1735 1503 1779 ἄστυ
1524 1740 1734 1779 πολίσσαι.

204 1815 418 1855 Praeterea
448 1812 645 1865 ὁμούριοι
678 1813 780 1865 apud
819 1813 988 1852 eundem
1020 1813 1273 1865 Apollonium
1308 1812 1465 1852 11.379.
1497 1811 1547 1851 cf.
1568 1812 1735 1864 Dionys.

208 1887 246 1928 P.
280 1887 375 1927 649.
416 1885 511 1926 536.
556 1886 673 1926 1139.
714 1886 879 1925 Nomius
924 1885 984 1923 lV.
1017 1885 1111 1925 390.
1158 1885 1259 1924 Xlll.
1295 1883 1387 1924 254.
1430 1883 1535 1923 XXI.
1566 1883 1660 1924 946.
1697 1887 1737 1922 et

207 1953 393 2010 ὅμουρος
424 1958 542 1996 Dion.
572 1957 610 1996 P.
644 1957 737 1997 435.
785 1955 907 2007 Orph.
937 1956 1035 2008 Arg.
1068 1955 1159 1995 747.
1201 1961 1239 1994 et
1279 1960 1454 2008 cognata
1489 1953 1737 2008 μεσοόριος,

209 2023 432 2081 ἄγχουρος,
463 2030 564 2080 apud
589 2029 836 2080 Dionysium,
866 2027 1183 2078 Lycophronem,
1212 2027 1427 2079 Orpheum,
1459 2027 1736 2079 Crinagoram.

210 2097 414 2150 ὁμούριον
444 2101 673 2139 coniectura
707 2098 922 2138 llermanni
952 2099 989 2137 in
1023 2099 1361 2138 llermesianactis
1392 2112 1427 2138 v.
1463 2100 1528 2138 55.

318 2170 389 2210 Est
418 2171 492 2210 alia
528 2171 723 2222 quaedam
757 2171 931 2222 suspicio
964 2183 1067 2219 mea,
1100 2171 1201 2210 levis
1233 2171 1309 2220 illa,
1338 2171 1408 2211 scd
1438 2176 1570 2210 tamen
1603 2170 1738 2222 suspi-

213 2244 302 2293 cio,
344 2245 564 2283 occasione
601 2255 715 2295 quam
763 2242 911 2281 Hecale
958 2243 1155 2282 offerebat
1196 2244 1445 2283 multifariam
1484 2241 1644 2282 dicendi
1689 2241 1737 2280 dc

215 2315 515 2366 antiquitatibus
544 2315 724 2364 Atticae,
752 2328 864 2354 usum
895 2327 987 2354 csse
1019 2316 1104 2354 sive
1135 2316 1329 2355 Theseum
1359 2317 1444 2355 sivc
1483 2319 1642 2367 poetam
1656 2344 1674 2364 ,v
1699 2317 1740 2352 ut

213 2387 412 2425 insereret
442 2392 638 2427 vetustum
669 2399 814 2427 nomen
849 2386 1098 2438 Mopsope'ae.
1141 2388 1295 2440 Fragm.
1316 2387 1470 2428 CCCLI.
1500 2384 1738 2437 eStephano

212 2461 427 2514 Byzantio:

383 2530 609 2580 ῘΙῚοψοπιά,
642 2528 663 2581 ἡ
698 2525 874 2581 Ἀττική,
908 2527 988 2568 (Ino
1024 2528 1252 2580 ιῊόψοπος·
1288 2529 1580 2580 Καλλιζιιαχος.

216 2604 312 2644 Nam
342 2602 420 2641 hoc
449 2606 595 2641 tantum
629 2614 753 2654 agere
786 2601 1025 2652 Stephanum
1054 2602 1262 2649 existimo,
1293 2600 1533 2652 Mopsopiae
1564 2598 1741 2652 appella-

219 2676 367 2714 tionem
398 2678 439 2713 ut
472 2675 708 2725 comprobet
738 2674 975 2712 auctoritate
997 2672 1238 2712 Callimachi.
1300 2673 1357 2711 Ea
1387 2672 1650 2724 appellatione
1679 2670 1739 2709 bis

222 2748 341 2785 utitur
369 2747 605 2798 Lycophro,
647 2746 795 2797 fuitque
826 2745 1120 2797 Euphorionis,
1163 2745 1201 2784 in
1244 2755 1321 2796 quo
1361 2743 1497 2784 similis
1533 2742 1741 2781 doctrinae

218 2819 455 2867 ostentatio,
493 2818 623 2858 titulus
657 2818 842 2879 carminis
881 2816 1109 2867 Μοψοηιά.
1169 2813 1243 2856 τάν
1284 2812 1474 2869 κραναάν
1503 2812 1741 2865 Μοψοπίαν
