1856 3126
755 96 1060 132 —120—

149 209 353 256 intentus,
397 209 521 259 ipsam
566 221 738 262 pugnam
769 211 1010 251 Nemeaeam
1060 212 1237 253 breviter
1279 217 1426 253 tantum
1470 214 1675 266 attigerat:

152 280 257 332 quod
294 292 344 318 ex
376 281 460 332 ipsa
489 281 604 321 Probi
637 283 829 323 brevitate
855 284 1017 336 colligo,
1045 297 1217 337 pugnam
1249 286 1380 326 obiter
1407 290 1553 325 tantum
1573 298 1682 326 com.

154 353 412 391 memorantis
442 353 521 392 ita:
552 354 657 394 mira
685 356 887 396 celeritate
919 357 1105 396 (quenum
1133 359 1322 399 correxit.
1366 359 1464 399 Nam
1483 358 1532 398 de
1552 359 1679 400 Probo

152 424 205 462 ita
238 423 388 474 iudico,
416 425 546 466 Probo
580 439 660 467 non
696 429 800 479 huie,
830 441 946 481 quem
980 442 1085 469 nune
1117 430 1332 481 habemus,
1363 431 1434 471 sed
1468 431 1681 482 antiquiori

153 497 309 536 auctori
339 499 605 549 grammatico
637 504 728 539 ante
765 501 907 540 oeulos
939 501 1062 540 fuisse
1093 501 1232 541 librum
1266 501 1510 542 Callimachi.
1583 502 1679 542 Hinc

152 582 255 621 quae
286 575 470 622 superest
498 572 692 613 dubitatio
724 578 761 613 et
804 576 1008 625 quaestio,
1050 574 1223 614 indicata
1267 587 1288 613 a
1322 575 1496 626 Gyraldo
1534 575 1558 614 l.
1591 574 1614 613 l.
1646 586 1680 626 p.

153 642 249 682 575.
282 642 324 682 Β.
356 655 434 695 quo
466 643 617 683 Probus
648 645 732 683 iure
760 644 920 695 piceam
953 656 1144 685 coronam
1181 646 1361 685 usitatam
1394 657 1487 684 csse
1531 646 1570 684 in
1600 645 1685 685 Ne-

155 715 255 754 nicis
289 715 453 765 scribat,
485 728 602 768 quum
625 717 766 767 reliqui
797 729 936 756 omncs
967 717 1103 767 apium
1134 722 1415 756 consecratum
1448 717 1571 756 fuisse
1600 716 1684 757 Ne-

154 787 256 826 meis
286 786 471 837 tradant,
503 788 577 826 etsi
610 788 728 827 facile
761 789 966 828 tolleretur
996 794 1114 841 atque
1139 793 1461 840 componeretur,
1490 791 1523 829 si
1553 790 1639 840 quis
1663 802 1685 828 a

155 856 400 897 Callimacho
422 857 476 897 ibi
508 859 674 909 primum
707 861 893 899 institutis
924 864 1085 911 propter
1110 860 1320 900 Herculem
1341 861 1500 909 Nemeis
1516 862 1687 912 piceam,

155 931 361 968 renovatis
394 933 557 981 propter
586 930 875 969 Archemorum
909 931 1050 980 apium
1081 931 1308 970 attributum
1346 932 1469 971 fuisse
1503 932 1686 971 coniice-

155 1005 241 1040 ret:
286 1005 415 1039 tamen
452 1014 531 1039 non
572 1001 702 1040 audeo
746 1001 783 1039 in
825 1002 904 1040 hoc
940 1001 1107 1041 aliorum
1150 1007 1353 1041 auctorum
1396 1003 1555 1042 silentio
1596 1016 1685 1043 eam

157 1074 432 1112 coniecturam
463 1072 612 1112 faeere.
685 1074 921 1112 Praesertim
969 1086 1085 1125 quum
1130 1086 1380 1114 communem
1426 1075 1488 1114 de*
1522 1077 1685 1127 proprio

155 1144 315 1183 Nemeis
354 1145 713 1195 apiosententiam
745 1145 830 1196 ipse
863 1145 1152 1195 Callimachus,
1181 1151 1299 1198 atque
1329 1147 1413 1198 ipse
1445 1147 1549 1187 adeo
1583 1147 1688 1199 apud

158 1216 440 1256 Callimachum
473 1218 666 1257 Hercules
700 1218 847 1257 Callim.
879 1219 1034 1271 Fragm.
1067 1219 1162 1258 Clll.
1206 1226 1279 1267 (ex
1311 1219 1459 1271 insigni
1492 1219 1689 1260 Plutarchi

156 1288 337 1339 Sympos.
368 1288 412 1327 V.
448 1288 486 1328 3.
521 1288 805 1340 disputatione,
834 1290 901 1330 ubi
931 1291 1049 1329 etiam
1081 1289 1352 1341 Euphorionis
1382 1302 1552 1342 versus,
1587 1302 1688 1342 quos

156 1365 268 1399 recte
300 1360 471 1399 eandem
500 1360 540 1399 in
572 1361 809 1400 sententiam
843 1361 988 1412 accipit
1003 1361 1226 1401 Meinekius
1245 1375 1280 1413 p.
1303 1364 1415 1412 113.)
1444 1364 1688 1416 profiteatur.

161 1433 293 1480 Quare
326 1446 443 1485 quum
474 1446 524 1472 ne
556 1434 726 1473 Probum
757 1433 916 1486 quidem
952 1435 1108 1486 peccati
1149 1435 1381 1475 insimulare
1422 1448 1503 1476 non
1542 1437 1688 1476 idonea

161 1507 211 1544 (le
243 1518 386 1545 caussa
429 1506 675 1556 debeamus,
712 1505 898 1545 facillima
940 1506 1223 1546 emendatione
1266 1507 1469 1557 apiaciam
1504 1509 1688 1559 reposui:

160 1592 238 1632 quo
272 1579 470 1619 vocabulo
507 1580 684 1632 Hyginus
717 1579 809 1618 Fab.
842 1579 1012 1618 LXXIV.
1042 1581 1172 1619 utitur.
1231 1580 1364 1619 Paullo
1383 1583 1474 1629 post
1490 1579 1687 1632 vulgatum

157 1651 227 1690 ubi
259 1656 297 1690 ct
328 1652 438 1690 aries
466 1651 743 1689 immolaturus
785 1655 895 1700 erat,
933 1650 1031 1690 alius
1064 1651 1236 1690 fortasse
1269 1652 1323 1691 ita
1363 1651 1513 1703 corrigi
1558 1651 1689 1691 malit:

162 1722 230 1762 ubi
259 1728 295 1761 ct
323 1723 434 1762 aries
463 1723 687 1761 iintnolatus
709 1726 809 1770 erat,
840 1722 902 1761 vel
932 1722 1158 1762 ‘z‘mnwlalus
1189 1727 1258 1762 est.
1318 1724 1468 1763 Rursus
1491 1735 1541 1763 ex
1563 1723 1690 1763 Probo

163 1800 221 1834 est
255 1795 358 1834 haud
390 1795 530 1844 dubie,
572 1795 679 1846 quod
711 1794 761 1834 ad
793 1795 930 1834 Tibull.
963 1795 986 1834 l.
1019 1796 1043 1834 l.
1076 1796 1347 1835 Bernardinus
1377 1795 1578 1847 Cyllenius
1609 1794 1694 1834 Ve-

159 1867 347 1905 ronensis
380 1867 539 1906 scribit:
570 1867 632 1906 De
660 1867 735 1905 hoc
767 1867 1016 1916 (Molorcho)
1050 1867 1319 1906 Callimachus
1349 1867 1524 1906 meminit
1551 1868 1590 1906 in
1621 1879 1693 1906 oe-

160 1939 291 1977 tlu'con
323 1937 449 1977 libris.
501 1939 582 1987 sic,
613 1939 796 1978 oetlzicon
829 1939 865 1976 in
897 1939 959 1978 ed.
989 1939 1128 1978 Tibulli
1158 1939 1296 1978 Venet.
1333 1939 1451 1979 1487.
1482 1937 1586 1977 unde
1616 1950 1692 1989 po-

162 2014 248 2049 stea
283 2009 369 2057 (ed.
403 2009 531 2048 Lutet.
562 2009 610 2048 M.
644 2008 748 2060 Orry
782 2008 1147 2057 1604.)1;]ΟΙΩΝ
1175 2010 1333 2049 sactum.
1394 2011 1454 2049 De
1484 2010 1691 2050 Molorcho

162 2083 227 2132 qui
261 2086 421 2120 veteres
455 2085 544 2120 ante
579 2081 861 2120 Callimachum
899 2080 1099 2130 dixerint,
1143 2093 1224 2120 non
1266 2085 1437 2120 constat.
1504 2081 1692 2120 Fortasse

162 2155 239 2192 iam
271 2153 477 2192 recondita
512 2157 690 2204 tempore
721 2152 951 2192 Callimachi
982 2153 1113 2192 sabula
1150 2154 1233 2193 suit.
1304 2154 1420 2192 Certe
1462 2153 1568 2204 quod
1607 2154 1694 2193 eius

163 2230 242 2264 tam
274 2225 463 2276 frequens
493 2224 595 2276 apud
625 2229 766 2276 poetas
798 2225 1063 2274 recentiores,
1094 2225 1253 2276 latinos,
1285 2226 1434 2264 mentio
1466 2228 1546 2274 est,
1576 2236 1693 2277 quain

162 2296 332 2335 vidimus
363 2297 613 2348 frequentem
648 2308 763 2347 esse,
794 2297 833 2336 id
871 2302 992 2336 totum
1027 2297 1271 2336 Callimacho
1311 2296 1450 2336 deberi
1496 2298 1695 2348 existimo,

165 2370 277 2407 euius
310 2369 472 2420 scripta,
504 2369 620 2407 Aetia
652 2369 836 2417 maxime,
865 2368 995 2407 doctis
1018 2368 1207 2408 illustrata
1232 2368 1406 2408 Theonis
1429 2367 1695 2420 etEpaphro-

166 2442 237 2480 diti
270 2442 594 2490 commentariis,
625 2442 738 2494 quasi
769 2441 925 2492 tpiidam
959 2441 1170 2481 thesaurus
1202 2440 1425 2492 mythorum
1469 2446 1588 2493 atque
1618 2453 1694 2481 an-

163 2514 381 2564 tiquitatum
413 2514 531 2552 etiam
564 2513 754 2552 Romanis
795 2512 924 2564 paullo
957 2512 1206 2553 doctioribus
1249 2513 1374 2552 suere.
1441 2512 1490 2552 Ut
1519 2511 1695 2552 Hecaten

162 2586 297 2625 monui
327 2586 470 2636 quibus
503 2589 600 2625 nota
632 2585 773 2635 suerit,
807 2585 855 2624 iis
887 2597 910 2624 e
938 2585 1184 2625 Callimacho
1219 2585 1342 2625 fuisse
1370 2588 1520 2624 notam.

275 2656 369 2695 Tam
410 2657 560 2697 similes
606 2657 784 2707 fabulas,
826 2657 1075 2697 Molorchum
1117 2662 1157 2696 et
1198 2657 1402 2706 Hecalen‚
1433 2667 1551 2707 quum
1591 2653 1696 2694 idem

161 2732 278 2779 poeta
315 2731 558 2778 tractaverit,
590 2729 694 2768 illam
728 2730 859 2781 prius,
894 2741 995 2780 quae
1029 2742 1116 2769 mea
1152 2734 1214 2769 est
1247 2729 1297 2768 de
1329 2727 1572 2780 temporibus
1602 2738 1698 2766 car-

163 2801 310 2840 minum
346 2801 573 2842 Callimachi
603 2804 827 2852 sententia,
866 2803 905 2842 in
932 2803 1093 2851 Aetiis,
1124 2807 1264 2855 postca
1296 2800 1496 2852 Hecalen‚
1531 2804 1698 2852 quaerat
