1856 3126
831 149 1106 188 -84-

211 268 320 307 initio
352 277 504 316 versuS,
534 265 572 305 h.
607 266 721 306 Dian.
756 263 821 308 45.
853 265 890 304 h.
920 266 1004 305 Del.
1027 265 1091 306 53.
1122 267 1276 320 Fragm.
1305 268 1409 308 XXI.
1470 269 1602 317 Quare
1621 264 1724 309 τοῖἷ-

212 352 324 377 ιἐκειι
356 337 432 375 hoc
473 340 618 375 tantum
667 336 835 376 consilio
880 337 1092 388 scripsisse
1137 349 1286 380 censeo
1337 340 1644 391 Callimachum,
1687 346 1730 382 ut

212 409 356 460 aliquid
391 408 567 447 auderet.
626 408 712 455 Quo
747 408 983 457 declaratur,
1016 420 1086 448 eur
1113 408 1189 449 hoc
1221 415 1368 452 tantum
1394 413 1484 452 loco
1517 425 1636 453 ausus
1664 413 1728 454 sit.

210 481 368 520 Scilicet
401 479 685 529 Callimachus,
716 480 778 520 alii
812 480 1015 530 nonnulli,
1049 493 1163 532 quum
1193 487 1379 535 perpetua
1409 483 1485 524 hac
1515 485 1729 537 cupiditate

212 552 444 604 flagrarent,
473 565 562 592 rara
595 557 634 592 ct
663 554 880 605 exquisita,
910 553 971 592 vel
1003 553 1255 604 periculosa,
1288 554 1446 596 dicendi
1476 558 1633 607 omnia,
1664 561 1730 596 ta-

212 636 303 663 men
332 637 380 663 ea
412 626 450 664 in
480 637 523 664 rc
556 637 636 665 non
668 627 926 665 constiterunt
957 625 1059 675 sibi,
1099 626 1150 664 ita
1182 630 1222 666 ut
1250 627 1355 678 quod
1385 629 1509 668 semel
1539 629 1730 670 audacter

211 697 435 747 dixissent,
467 697 505 737 id
539 698 578 737 in
615 710 725 737 usum
770 699 997 750 reciperent
1025 702 1301 750 constantem,
1334 699 1405 739 scd
1449 712 1555 741 nunc
1583 703 1728 742 usitate

210 768 397 819 dicendo,
426 781 533 809 nunc
561 782 692 810 rarum
723 770 801 810 hoc
831 771 894 810 vel
923 770 1017 811 illud
1038 772 1323 825 inspergendo,
1356 777 1552 824 tamquam
1579 773 1727 814 lumina

210 842 417 892 orationis,
450 841 650 882 delectare
673 842 896 883 votuerunt.
956 843 1022 884 Sic
1051 844 1173 884 semel
1206 846 1378 897 experiri
1412 844 1548 895 voluit,
1578 857 1626 885 an
1649 845 1728 885 hoc

207 916 366 967 impune
398 920 546 967 posset,
575 910 776 955 τοῦνεκεν.
833 915 885 956 At
912 928 1064 968 poenas
1099 916 1208 956 dedit
1247 918 1332 957 ausi
1370 916 1510 969 huius,
1542 921 1583 957 ut
1612 917 1728 957 simi-

210 989 303 1028 lium
332 988 514 1037 aliorum,
545 992 622 1027 tum
652 1000 748 1027 suae
781 989 920 1027 aetatis
949 990 1218 1041 grammaticis
1248 989 1447 1029 nonnullis
1470 989 1728 1041 hauddubie,

208 1066 286 1101 tum
317 1059 623 1112 posterioribus.
680 1059 811 1099 Asfine
843 1064 918 1109 est,
949 1061 1054 1111 quod
1079 1060 1340 1100 Callimachus
1364 1060 1572 1113 aliquoties
1592 1060 1725 1103 τόσσα

207 1134 320 1184 dixit,
351 1133 417 1173 ubi
447 1131 693 1184 significatur
721 1128 821 1180 ὁ’σα;
852 1128 977 1184 τόθι,
1011 1131 1158 1184 τόθεν,
1188 1132 1254 1173 ubi
1285 1128 1356 1173 ὅθι
1375 1164 1385 1183 ,
1416 1130 1540 1173 ὅθενι
1571 1133 1621 1172 de
1647 1145 1726 1186 quo

207 1218 282 1245 usu
309 1209 514 1258 poetarum
545 1205 814 1245 recentiorum
844 1205 1093 1246 Hermannus
1116 1205 1165 1246 ad
1186 1206 1297 1246 Hom.
1321 1205 1360 1245 h.
1387 1206 1475 1246 Cer.
1503 1205 1528 1245 l.
1559 1205 1585 1246 l.
1605 1206 1728 1246 item-

212 1290 287 1330 que
319 1278 369 1317 ad
399 1277 436 1317 h.
468 1277 567 1316 Ven.
604 1278 693 1317 158.
753 1273 884 1318 τόσσα
914 1277 952 1317 h.
984 1278 1113 1330 Apoll.
1133 1279 1200 1319 81.
1232 1276 1298 1321 94.
1329 1278 1366 1317 h.
1389 1278 1474 1318 Del.
1507 1278 1599 1318 946.
1631 1277 1725 1319 τόθι

209 1351 250 1390 h.
287 1349 367 1389 Iov.
401 1350 467 1389 39.
502 1348 606 1401 quod
639 1354 749 1388 recte
782 1361 853 1401 pro
883 1346 968 1401 ὅθι,
997 1349 1077 1401 ubi,
1111 1351 1252 1402 accipit
1283 1350 1488 1390 lacohsius
1510 1352 1549 1391 in
1565 1349 1726 1391 Anthol.

207 1423 326 1463 Palat.
356 1435 393 1474 p.
426 1421 520 1462 565.
579 1419 702 1461 τόθεν
733 1421 771 1461 h.
802 1422 916 1462 Dian.
951 1422 1044 1463 114.
1098 1421 1239 1477 τόφρα
1267 1422 1305 1462 h.
1333 1423 1419 1463 Del.
1449 1422 1516 1462 39.
1574 1422 1606 1462 Ε
1634 1422 1728 1475 qui-

208 1496 281 1535 hus
311 1494 411 1533 loeis
444 1492 483 1532 hi
514 1496 602 1532 sunt
632 1494 801 1532 maxime
832 1494 1135 1534 memorabiles:
1168 1495 1204 1534 h.
1235 1495 1363 1547 Apoll.
1397 1494 1463 1535 94.
1491 1494 1529 1534 h.
1551 1494 1637 1535 Del.
1658 1493 1725 1535 39.

210 1568 276 1607 ubi
311 1567 386 1606 sibi
419 1566 661 1617 respondent
688 1563 803 1618 τόσα,
837 1572 904 1618 tot,
939 1592 990 1599 —
1021 1566 1163 1618 τόσσα,
1193 1572 1311 1618 qu0t;
1342 1571 1381 1607 et
1405 1563 1544 1620 τόφρα
1577 1588 1627 1596 -
1654 1562 1727 1606 τό-

210 1656 325 1695 φρα,
357 1637 490 1690 quoad
516 1662 568 1667 ——
599 1641 679 1675 istm
708 1636 785 1676 sliu.
826 1641 868 1676 ut
897 1637 1011 1687 alibi,
1043 1638 1200 1676 inversa
1231 1638 1414 1687 licentia,
1444 1632 1541 1676 ὅσον
1562 1660 1618 1668 —-
1648 1630 1727 1677 ὅσ-

209 1725 282 1749 σον
319 1709 420 1761 apud
450 1708 728 1758 Theocritum,
761 1704 932 1747 ὁκκόσον
961 1733 1015 1739 -—
1053 1703 1178 1749 ὅσσον
1218 1709 1256 1748 ἰη
1299 1708 1438 1762 fragm.
1471 1707 1724 1749 Callimachi:

212 1783 261 1822 ad
290 1794 390 1834 quac
422 1793 525 1820 nunc
567 1779 669 1819 addo
709 1774 802 1820 ὅσον
833 1775 958 1821 ὅσσον
986 1781 1189 1820 Leonidae
1220 1781 1377 1821 Tarent.
1407 1780 1525 1821 LXX.
1555 1781 1594 1825 3.
1635 1782 1726 1822 An-

210 1855 304 1895 thol.
335 1855 416 1894 Pal.
448 1855 475 1894 l.
505 1865 542 1905 p.
572 1853 666 1893 450.
722 1853 808 1893 Non
841 1864 999 1905 semper
1030 1858 1158 1893 autem
1189 1853 1264 1893 hac
1291 1854 1332 1893 in
1362 1865 1407 1894 re
1428 1854 1592 1893 metrica
1620 1854 1724 1894 ratio

210 1928 319 1968 duxit
350 1927 629 1967 Callimachum
662 1930 701 1965 et
741 1925 875 1965 odium
914 1924 1174 1977 χασμωδιάς.
1236 1930 1344 1966 certe
1386 1922 1518 1966 τόσσα
1560 1925 1599 1966 h.
1637 1925 1726 1966 Del.

213 1999 306 2039 945.
339 2000 378 2038 in
423 2000 533 2038 initio
581 2009 719 2037 versus
760 2002 844 2048 est,
888 1998 979 2037 item
1018 1996 1150 2051 τόφρα
1181 1996 1276 2036 ibid.
1307 1997 1373 2037 39.
1439 1997 1646 2050 Denique,
1683 2001 1727 2038 ut

212 2071 307 2111 nihil
345 2072 532 2110 intactum
573 2071 820 2123 relinquam,
859 2070 962 2122 quod
1003 2070 1079 2111 huc
1114 2071 1313 2122 pertinere
1352 2069 1557 2121 videatur,
1598 2069 1725 2122 τάων,

212 2157 394 2196 quarum,
430 2148 491 2183 est
520 2145 558 2183 in
592 2143 631 2182 h.
665 2143 778 2183 Dian.
801 2142 895 2184 924.
926 2148 965 2183 at
992 2143 1131 2183 eadem
1163 2147 1359 2195 potestate
1385 2144 1488 2183 τέων
1514 2146 1553 2183 in
1582 2143 1619 2183 h.
1637 2142 1724 2183 Del.

218 2217 306 2255 135.
367 2216 424 2255 Cf.
461 2215 660 2255 Nicander
690 2215 872 2267 Alexiph.
903 2217 939 2255 Ω.
971 2217 1098 2266 τέων,
1131 2227 1319 2265 quorum,
1357 2214 1520 2254 mascul.
1560 2219 1600 2254 et
1630 2214 1725 2255 539.

213 2287 349 2337 (618.)
382 2288 447 2326 ubi
480 2287 764 2327 restituendum
798 2291 858 2326 cst
889 2288 1022 2339 τὲης,
1051 2286 1090 2326 h.
1122 2299 1158 2326 e.
1189 2281 1261 2341 ἧς,
1295 2286 1601 2339 comparandum
1630 2285 1727 2327 illud

214 2372 300 2400 cuin
333 2360 544 2399 llomcrico
576 2358 643 2413 ἕης
672 2359 780 2398 Iliad.
810 2359 910 2398 XVI.
944 2359 1035 2399 208.

328 2432 437 2479 Quae
468 2431 518 2471 ad
549 2432 654 2471 hunc
685 2443 809 2482 usque
842 2431 971 2470 locum
1003 2431 1168 2471 tractavi
1199 2432 1419 2483 spectantia
1450 2431 1500 2471 ad
1529 2430 1726 2471 Theseum

216 2506 435 2557 fragmenta
467 2503 660 2553 Hecales,
691 2514 770 2542 non
804 2503 933 2541 omnia
966 2501 1043 2542 hoc
1073 2515 1149 2555 quo
1181 2516 1202 2542 a
1231 2516 1293 2543 me
1325 2507 1492 2542 tractata
1524 2505 1615 2542 sunt
1655 2512 1728 2541 or-

218 2576 308 2615 dine
341 2580 468 2629 posita
499 2577 621 2616 fuisse
649 2574 841 2626 spondeo.
900 2575 1034 2626 Neque
1059 2575 1107 2614 de
1135 2576 1291 2615 ratione
1321 2574 1512 2615 narrandi
1539 2574 1592 2614 ita
1623 2583 1727 2612 con-

217 2652 319 2697 stat,
352 2654 393 2688 ut
423 2648 517 2688 nihil
550 2648 720 2688 dubites.
776 2647 939 2686 Licebat
967 2648 1049 2686 sic:
1081 2647 1285 2699 profectus
1315 2651 1376 2686 est
1404 2650 1542 2685 contra
1572 2649 1726 2684 taurum

217 2718 406 2767 Theseus,
434 2720 609 2759 Theseus
640 2719 687 2758 ab
719 2720 877 2771 antiqua
896 2718 1108 2758 Erechthei
1139 2719 1258 2771 stirpe
1282 2718 1496 2767 oriundus3
1526 2717 1591 2768 qui
1609 2721 1725 2757 antea

218 2791 316 2841 apud
347 2791 534 2830 l‘ittlicum
566 2790 834 2838 nutriebatur3
878 2789 1006 2843 Aegei
1049 2790 1148 2829 lilius
1194 2801 1242 2828 an
1282 2788 1476 2840 Neptuni,
1507 2788 1726 2837 incertum3

217 2867 293 2902 tuin
326 2862 418 2902 illud
453 2861 502 2900 dc
531 2861 666 2913 gladio
699 2861 937 2913 calceisque.
997 2861 1181 2911 Licebat,
1222 2861 1256 2900 si
1286 2872 1365 2900 non
1395 2859 1549 2912 omnia,
1589 2858 1727 2900 saltem
