1856 3126
777 85 1084 124 ——137—

173 207 338 244 revocat
370 202 476 242 illum
506 201 680 240 Petronii
712 202 868 243 locum:
899 215 1002 254 quas
1032 204 1191 255 fumoso
1221 210 1424 251 suspensa
1453 198 1574 252 tiyitlo
1608 210 1711 238 con-

167 274 364 315 servabat
390 284 488 323 opes
518 271 678 312 humilis
709 286 821 325 casa,
854 274 970 314 mitia
997 274 1124 313 sorba
1156 297 1209 305 —
1239 276 1276 311 et
1308 270 1516 323 thymbrae
1535 274 1709 317 veteres,

170 353 209 388 et
234 346 374 398 passis
401 356 486 384 uva
514 344 700 383 racemis.
761 346 849 386 Alia
882 346 1169 398 temperantiae
1194 344 1509 384 Atheniensibus
1538 343 1709 382 maxime

173 422 411 467 consuetae,
441 421 479 455 et
507 416 618 467 carpi
651 417 795 456 solitae
831 419 869 457 in
902 417 1233 468 Atheniensibus,
1266 416 1461 469 exempla,
1494 417 1560 468 qui
1587 415 1710 464 volet,

175 488 279 542 apud
309 489 559 528 Athenaeum
594 488 632 526 in
672 488 773 528 libro
805 489 985 528 secundo
1016 501 1051 540 p.
1087 488 1154 528 60.
1186 488 1347 537 videat,
1390 492 1428 526 et
1466 487 1533 526 lib.
1567 490 1710 539 quarto

170 575 210 615 p.
245 562 336 602 150.
365 572 453 612 sqq.
512 560 627 600 Unde
658 561 755 600 satis
785 560 915 600 habeo
947 561 1203 612 excerpsisse
1231 560 1435 612 proverbii
1476 560 1514 598 in
1549 558 1710 598 modum

172 634 319 674 dictum
350 632 567 684 Antiphani
597 631 659 671 lV.
692 645 728 685 p.
766 633 855 673 130.
885 632 925 671 F.
946 629 1139 684 (Έλληνες
1167 631 1520 683 μικροτράπεζοι,
1550 634 1714 684 φυλλο-

172 709 341 760 τρῶγες.
402 710 440 745 et
470 706 546 744 iam
585 708 780 757 congesta
813 716 833 742 a
857 703 1092 743 Marlilando
1124 703 1175 742 ad
1206 703 1340 756 Eurip.
1371 704 1502 755 Suppl.
1535 700 1631 743 «564.
1664 702 1714 741 de

170 778 322 819 soncho
352 777 578 818 testimonia
610 776 851 827 Antiphanis
879 775 926 814 ll.
956 787 993 827 p.
1015 775 1080 815 60.
1103 775 1148 814 D.
1193 775 1387 815 Matronis
1418 774 1512 813 ibid.
1534 773 1711 825 p.64.C.

172 850 430 904 Hegesandri
462 849 523 888 Vl.
557 861 593 900 p.
630 849 724 888 950.
761 847 805 887 E.
868 847 926 887 Cf.
959 848 1257 899 Theophrastus
1292 847 1388 886 Hist.
1422 846 1474 898 pl.
1512 845 1574 884 Vt.
1604 846 1642 896 4,
1675 847 1715 885 ὅ.

175 936 263 964 cum
295 923 403 962 obss.
436 921 697 971 Schneidcri,
732 925 771 959 et
801 920 983 960 laudatus
1015 921 1221 960 Harduino
1253 919 1303 959 ad
1343 919 1506 958 Plinium
1540 919 1715 958 Galenus

175 995 225 1036 de
255 993 383 1046 simpl.
421 993 566 1033 medic.
609 994 685 1032 tac.
716 992 783 1031 lib.
812 993 910 1031 Vlll.
942 992 983 1032 T.
1013 992 1098 1032 ΧΗ.
1130 993 1233 1045 Lips.
1267 1005 1304 1044 p.
1342 994 1432 1032 1⁶25.
1486 988 1719 1042 Ἑρπυλλον

174 1073 215 1108 et
244 1070 437 1121 κρῆθμον
470 1067 703 1113 coniuncta,
734 1065 805 1104 sed
840 1066 957 1104 alium
991 1065 1028 1103 in
1061 1077 1187 1114 usum,
1217 1064 1319 1117 apud
1341 1063 1582 1104 Nicandrum
1597 1062 1715 1101 Ther.

176 1141 270 1182 909.
302 1141 441 1180 habes.
503 1140 715 1179 Praeterea
738 1138 946 1188 ἕρπυλλον
975 1142 1264 1178 conmemorat
1285 1137 1389 1177 idem
1416 1135 1599 1188 Alexiph.
1624 1135 1718 1175 (274·

176 1214 294 1254 ’1“Ιιθι·.
328 1213 395 1253 67.
428 1213 523 1253 533.
566 1212 721 1263 Fragm.
755 1210 797 1250 lt.
856 1210 1024 1259 (Athen.
1054 1210 1150 1258 XV!
1180 1222 1214 1262 p.
1249 1210 1343 1250 683.
1376 1210 1443 1258 F.)
1477 1207 1543 1248 40.
1612 1207 1720 1246 lntcr

175 1286 306 1326 edulia
339 1285 546 1336 ἕρπυλλος
576 1288 651 1332 est,
685 1284 792 1322 iuxta
827 1294 966 1333 corna,
999 1283 1171 1335 punica,
1205 1294 1403 1334 papaver,
1433 1282 1546 1333 pira,
1578 1280 1718 1329 olivas,

176 1357 278 1410 apud
310 1355 642 1397 Anaxandridem
672 1355 817 1394 Athen.
849 1353 911 1393 IV.
946 1366 980 1406 p.
1008 1354 1098 1394 131.
1128 1353 1173 1396 Ε,
1233 1353 1297 1393 Ad
1330 1353 1524 1406 κρῆθμον
1556 1362 1714 1391 memo-

179 1429 318 1470 rabilis
351 1432 413 1468 est
442 1427 682 1468 Schneideri
715 1427 753 1466 in
784 1426 935 1466 Lexico
965 1438 1025 1479 gr.
1057 1427 1303 1477 observatio,
1336 1426 1454 1465 etiam
1485 1436 1593 1464 nune
1620 1425 1718 1475 χρί-

176 1504 288 1552 θμον
315 1501 483 1543 herbam
514 1500 666 1540 habere
699 1499 896 1549 Graecos,
931 1510 1059 1551 eaque
1091 1499 1218 1538 vesci.
1278 1498 1328 1538 Et
1346 1496 1517 1537 Hecales
1541 1507 1717 1540 mensam

181 1573 362 1625 inprimis
394 1572 541 1612 decent
572 1571 691 1611 facile
733 1571 926 1623 parabilia
958 1571 1236 1623 undecumque
1270 1568 1434 1621 λάχανα
1471 1570 1552 1610 τῶν
1591 1568 1721 1607 αὖτο-

179 1643 364 1698 χθόνων.
421 1644 504 1684 Nisi
536 1656 586 1684 ex
617 1644 775 1684 hortulo
809 1644 981 1696 quodam
1019 1656 1092 1683 suo
1123 1644 1355 1696 profecerit.
1421 1641 1478 1681 Cf.
1511 1642 1543 1681 si
1576 1640 1723 1693 placet,

183 1716 235 1756 de
270 1718 398 1757 hortis
433 1718 593 1770 priscae
624 1717 863 1769 simplicitati
903 1717 1143 1770 gratissimis
1182 1721 1300 1769 atque
1333 1715 1553 1755 utilissimis
1584 1714 1722 1754 nobile

183 1790 296 1830 Plinii
329 1790 435 1830 XIX.
468 1791 506 1829 4.
541 1791 652 1840 (19.)
691 1791 973 1830 testimonium.
1033 1788 1112 1830 Sed
1156 1789 1242 1828 sere
1283 1787 1529 1840 persuadent
1572 1785 1723 1826 laudati

185 1868 278 1904 ante
311 1864 458 1903 Plinius
500 1868 539 1902 et
572 1863 772 1915 Galenus,
814 1864 1008 1904 sonchum
1052 1868 1091 1902 et
1129 1862 1348 1902 crethmum
1390 1873 1472 1900 non
1517 1858 1724 1899 hortensia

184 1936 324 1986 fuisse,
355 1935 429 1976 sed
464 1935 656 1989 agrestia,
693 1935 906 1986 α’ρουρμῖα
936 1947 968 1975 5.
1002 1929 1154 1987 ἄγρια,
1190 1934 1313 1972 olera.
1372 1931 1502 1982 Atque
1535 1928 1614 1969 hoe
1637 1928 1725 1968 sor-

183 2013 294 2049 tasse
325 2014 412 2059 est,
454 2014 617 2061 propter
659 2008 764 2060 quod
807 2007 1069 2047 Casaubonus
1113 2005 1165 2044 ad
1210 2004 1355 2044 Athen.
1386 2004 1449 2044 VI.
1481 2016 1518 2055 p.
1552 2002 1645 2042 250.
1676 2001 1723 2041 E.

183 2082 316 2122 Anim.
347 2093 384 2133 p.
416 2079 511 2121 437.
566 2079 734 2127 scribit,
782 2077 978 2118 sonchum
1027 2075 1151 2116 fuisse
1202 2075 1307 2115 inter
1353 2073 1552 2114 vilissima
1596 2073 1723 2112 olera.

186 2152 302 2200 Quod
342 2152 446 2204 apud
478 2152 642 2191 Plinium
674 2149 780 2189 XIX.
812 2148 849 2189 4.
884 2148 996 2198 (19.)
1042 2147 1213 2200 legitur,
1256 2146 1441 2187 acetaria
1475 2145 1728 2193 vocabulum,

188 2237 276 2264 eum
305 2225 574 2276 explicatione
603 2224 798 2272 Salmasii,
834 2223 920 2262 eius
954 2222 1128 2261 fortasse
1158 2220 1300 2272 aliquis
1336 2219 1387 2258 ad
1427 2221 1606 2257 nostram
1640 2216 1726 2255 dis..

187 2295 434 2348 putationem
463 2308 558 2336 usus
591 2299 665 2334 est.
727 2293 888 2334 Scilicet
918 2305 995 2345 quo
1026 2293 1100 2332 ista
1134 2292 1254 2331 modo
1288 2294 1476 2343 apparata
1508 2289 1556 2329 ab
1576 2288 1728 2328 Hecale

189 2368 361 2417 tuerint,
407 2367 643 2420 serpyllum,
675 2366 875 2417 sonchus,
908 2365 1130 2415 crethmus,
1166 2364 1337 2404 sortasse
1383 2362 1432 2402 ab
1473 2373 1523 2401 eo
1568 2360 1731 2413 pendet,

189 2450 266 2490 qua
298 2438 391 2477 anni
423 2442 659 2490 tempestate
690 2439 886 2478 Theseum
921 2437 972 2477 ad
1000 2436 1178 2476 Hecaten
1218 2435 1382 2474 venisse
1422 2434 1632 2474 statueris:
1677 2433 1729 2473 de

190 2522 268 2563 quo
302 2521 380 2562 ego
423 2510 519 2549 nihil
552 2510 685 2549 habeo
727 2502 804 2549 nisi
844 2510 1090 2562 propositam
1136 2507 1229 2559 Cap.
1262 2506 1325 2546 ΙΙΙ.
1361 2510 1460 2545 extr.
1493 2506 1532 2545 in
1569 2506 1727 2559 Fragm.

189 2580 407 2622 CLXXX-²⁶.
454 2583 724 2634 opinationem
768 2594 910 2621 meam.
979 2581 1113 2634 Ergo,
1160 2592 1262 2631 quae
1306 2584 1367 2619 est
1412 2590 1494 2619 non
1543 2579 1728 2618 inusitata

189 2653 466 2706 Theophrasto
500 2654 719 2706 distinctio,
755 2662 821 2696 aut
839 2650 956 2709 ἑφθοί
977 2653 1136 2693 fuerunt
1164 2656 1231 2691 aut
1260 2647 1367 2702 αἷμά.
1416 2651 1457 2691 Si
1485 2663 1567 2691 non
1598 2656 1730 2702 cocta,

191 2732 232 2767 et
262 2727 436 2767 sortasse
465 2727 706 2779 simplicitati
739 2726 855 2766 huius
887 2737 1042 2765 coenae
1075 2726 1289 2775 convenit,
1323 2723 1421 2764 nihil
1455 2724 1617 2764 coxisse
1647 2724 1732 2764 He-

192 2800 308 2839 caten
337 2804 500 2853 praeter
529 2799 637 2850 illud,
668 2798 773 2851 quod
805 2797 935 2851 paullo
957 2802 1045 2850 post
1077 2797 1328 2837 videbimus:
1360 2802 1425 2838 aut
1445 2797 1568 2838 cruda
1601 2809 1731 2849 appo—
