1856 3126
764 86 1068 146 4126-—

142 229 258 271 huius
291 239 450 282 quoque
483 227 543 267 rei
580 226 677 268 satis
721 231 831 266 certa
879 226 1026 267 indicia
1066 224 1276 278 quaedam.
1352 226 1401 266 Ut
1441 234 1558 276 (Ῑιιιιιιι
1598 234 1679 262 non

145 308 306 356 poetam
338 304 581 349 narrantem,
611 298 684 338 sed
715 298 928 351 loquentes
945 309 1143 350 personas
1173 297 1356 338 audimus
1379 300 1537 349 poetae.
1581 295 1681 336 Ser-

142 386 287 414 mones
316 374 423 413 enim
456 371 633 424 longiori
672 372 846 411 maxime
884 371 1107 411 narrationi
1147 372 1298 422 proprii
1341 374 1443 410 sunt.
1513 366 1681 407 conficit

144 459 229 486 rem
249 477 260 497 ,
291 446 326 486 si
359 445 453 497 quid
485 444 662 484 cernitur
689 445 729 485 in
760 444 1000 496 fragmento,
1033 442 1139 495 quod
1173 442 1292 482 facile
1317 443 1367 482 ad
1398 447 1532 481 notam
1562 440 1680 480 nobis

145 518 431 571 proprietatem
463 516 635 556 Hecales
666 515 731 556 vel
761 515 810 555 ad
841 514 986 554 Thesei
1012 526 1080 554 res
1111 525 1208 565 eas,
1239 525 1341 566 quae
1375 516 1465 553 sunt
1494 523 1582 551 cum
1615 510 1702 568 tii-V

143 592 271 631 storia
299 590 473 630 Hecales
505 589 761 638 coniunctae,
792 586 1004 627 referatur.
1063 586 1119 625 Ea
1149 585 1269 624 muita
1300 589 1404 635 sunt,
1433 596 1515 624 non
1546 583 1678 622 omnia

146 661 530 716 comprehendenda
568 660 647 700 hoc
677 660 797 711 loco,
830 658 903 698 sed
936 657 1224 710 cognoscenda
1254 658 1406 708 sparsis
1437 667 1510 707 per
1540 654 1680 705 dispu-

142 735 334 774 tationem
364 737 542 773 nostram
575 731 780 783 exemplis,
839 729 969 770 Veluti
1000 729 1282 782 Fragmentum
1304 727 1605 768 CCCCXXVlll.
1629 737 1678 764 eo

146 807 374 846 vindicatur
402 806 606 855 Hecatae,
638 803 746 855 quod
775 814 900 843 scena
923 833 933 853 ,
974 807 1016 842 ut
1049 787 1183 841 verbis
1229 805 1318 840 utar
1358 799 1610 846 Buttmanni,
1639 799 1678 836 in

144 878 280 918 Attica
316 882 388 917 est.
447 876 602 917 Eodem
643 877 880 926 argumento
924 872 1046 924 illud,
1086 875 1297 923 Λιμναῖοι
1341 872 1387 913 ὸὲ
1415 867 1680 926 χοροστάὸας

142 945 245 1002 ἦγον
274 945 446 1002 ἑορτάς,
481 950 599 988 etiam
630 953 722 988 ante
752 951 953 998 repertum
987 945 1171 985 codicem
1203 946 1493 996 Ravennatem,
1524 945 1574 984 ad
1596 945 1680 985 He-

149 1021 263 1060 calcn
292 1021 451 1061 referre
483 1019 625 1071 aliquis
661 1031 682 1057 e
712 1020 946 1058 coniectura
977 1021 1149 1068 poterat.
1219 1017 1330 1064 Quae
1361 1017 1411 1057 ad
1452 1030 1519 1057 res
1549 1017 1680 1057 facta-

145 1105 222 1145 que
251 1093 397 1132 Thesei
428 1092 651 1143 l'ragmenta
683 1091 923 1142 pertineant,
954 1093 993 1127 et
1022 1088 1142 1127 docui
1174 1087 1388 1140 exemplis,
1417 1093 1460 1128 ut
1488 1089 1575 1129 illo:
1606 1090 1682 1128 πέ-

144 1165 264 1218 διλα,
293 1161 344 1204 τά
375 1162 434 1216 μὴ
468 1162 576 1204 πιῖσε
610 1162 789 1214 ι’ήχιττος
821 1158 977 1215 εῧρώς,
1009 1165 1048 1200 et
1070 1172 1165 1200 mox
1197 1160 1355 1200 docebo
1388 1161 1501 1214 aliis,
1531 1161 1599 1200 ubi
1630 1161 1681 1200 ad

143 1237 335 1289 Episodia
367 1240 603 1289 perventum
642 1234 742 1284 erit,
775 1233 871 1285 Cap.
907 1232 970 1272 Vl.
1029 1233 1212 1285 Denique
1256 1233 1514 1273 fundamento
1560 1216 1681 1283 sacto,

145 1309 224 1348 hoc
257 1314 330 1359 est,
358 1313 555 1360 concepta
587 1312 704 1359 atque
737 1306 970 1345 adumbrata
1005 1318 1055 1345 cx
1083 1305 1145 1345 his
1175 1306 1426 1359 fragmentis,
1459 1317 1560 1357 quae
1580 1317 1680 1357 pro-

147 1382 268 1421 babili
298 1382 449 1421 indic-io
483 1379 654 1432 quodam
693 1379 743 1418 ad
778 1378 955 1418 llccaicn
986 1382 1258 1428 revocantur,
1299 1382 1335 1418 ct
1367 1390 1418 1417 cx
1446 1377 1549 1428 illis,
1580 1387 1682 1429 quae

145 1465 237 1493 esse
266 1464 317 1493 ex
347 1453 497 1493 Hecate
527 1452 758 1492 testimonio
791 1455 963 1499 constat,
993 1451 1181 1491 carminis
1201 1449 1456 1490 Callimacbei
1486 1449 1682 1500 partium-

145 1538 222 1578 que
259 1527 346 1565 eius
377 1525 579 1576 imagine,
607 1524 725 1563 etiam
756 1534 802 1562 ea
821 1523 957 1561 ‘inseri
988 1522 1210 1574 fragmenta
1231 1554 1241 1573 ,
1275 1523 1314 1561 in
1358 1521 1499 1574 quihus
1535 1520 1681 1560 nullum

141 1599 345 1652 proprium
385 1597 598 1647 indicium,
628 1596 748 1635 modo
785 1599 872 1646 apta
902 1596 979 1633 sint
1015 1594 1258 1633 narrationis
1293 1605 1314 1633 a
1349 1598 1386 1633 te
1419 1593 1679 1632 adumbratae

143 1672 266 1712 serici
301 1675 341 1710 et.
371 1669 678 1717 continuationi,
705 1667 820 1707 licet:
853 1666 925 1706 scd
957 1666 1164 1717 modeste,
1192 1671 1232 1705 et
1260 1671 1303 1706 ut
1332 1666 1496 1705 fatearis
1526 1666 1679 1705 incerta

144 1749 182 1783 te
212 1742 348 1795 loqui,
383 1746 421 1781 et
458 1753 549 1780 esse
593 1740 657 1779 illa
690 1740 810 1779 etiam
841 1738 928 1778 aliis
960 1738 1062 1778 locis
1095 1743 1196 1790 apta.
1267 1736 1401 1777 Fallax
1445 1738 1677 1777 coniectura

144 1820 232 1865 est-3
263 1825 311 1854 ac
343 1813 517 1854 sortasse
553 1814 671 1852 etiam
703 1812 808 1851 inter
838 1811 928 1859 illa,
959 1822 1062 1862 quae
1093 1810 1360 1850 confidentius
1401 1810 1594 1862 adscripsi
1628 1810 1678 1849 ad

142 1887 320 1927 Hecalen
343 1917 354 1936 ,
385 1897 504 1925 unum
538 1885 783 1935 alterumque
819 1887 892 1933 cst,
925 1883 1028 1934 quod
1060 1883 1202 1922 iniuria
1235 1883 1444 1934 adscripsi.
1503 1882 1582 1923 Sed
1612 1887 1677 1922 ta-

141 1972 232 2000 men
268 1970 502 2011 persuasum
536 1957 622 1996 sere
654 1961 728 2006 est,
758 1956 792 1995 si
823 1954 982 2007 quando
1013 1954 1181 1993 futurum
1213 1956 1276 2006 sit,
1306 1959 1349 1995 ut
1371 1959 1532 1994 eruatur
1549 1956 1675 2006 ipsum

142 2032 340 2083 integrum
374 2041 536 2068 carmen
570 2027 828 2078 Callimachi,
869 2025 974 2078 quod
1009 2038 1090 2065 non
1124 2026 1213 2074 fiet,-
1245 2025 1317 2065 Sed
1349 2027 1382 2065 si
1412 2027 1502 2075 fiat,
1536 2038 1676 2065 eorum

142 2114 246 2155 quae
277 2101 429 2140 addere
462 2099 724 2153 neglexerim,
756 2109 962 2137 numerum
995 2098 1195 2136 inventum
1228 2099 1274 2137 iri
1307 2098 1499 2137 maiorem
1533 2097 1673 2137 horum

143 2186 339 2224 numero,
376 2185 479 2226 quae
510 2172 653 2211 iniuria
688 2169 838 2210 addidi.
899 2169 1007 2208 llaec
1042 2169 1090 2208 acl
1123 2169 1481 2210 commendandam
1520 2174 1671 2222 partem

142 2247 401 2286 coniecturae
445 2243 777 2284 Buttmannianae
836 2240 1094 2292 primariam,
1151 2252 1226 2293 qua
1270 2239 1446 2279 Hecatae
1492 2241 1673 2280 vindicat

137 2320 419 2371 Fragmentum
443 2313 747 2356 CCCCXXVIH.
807 2313 867 2352 De
888 2312 1170 2351 emendatione
1201 2313 1286 2351 cius
1317 2312 1519 2352 addubito.
1558 2311 1673 2352 Ean-

137 2391 226 2430 dem
260 2391 427 2439 fecerat,
457 2401 511 2438 με
538 2398 611 2439 pro
640 2387 730 2437 μὲν,
761 2389 800 2424 et
831 2379 1008 2435 ἑτάρων,
1041 2384 1149 2436 quod
1179 2394 1272 2424 sero
1303 2395 1368 2423 me
1399 2384 1534 2425 docuit
1555 2384 1671 2424 Gais-

136 2462 289 2501 sordius
320 2463 360 2502 in
394 2458 605 2501 Addendis
641 2457 810 2506 Suidae,
841 2456 1044 2496 Porsonus
1076 2456 1138 2495 his
1167 2456 1328 2496 verbis:
1361 2456 1512 2495 Locum
1543 2455 1670 2496 Calli-

134 2532 267 2571 machi
293 2533 524 2585 suppeditat
553 2530 726 2570 ineditus
755 2528 921 2568 Homeri
951 2528 1189 2568 scholiastes
1221 2528 1276 2569 ad
1303 2527 1377 2569 od.
1410 2532 1431 2578 ξ
1470 2530 1563 2570 199.
1598 2524 1669 2569 Ἕκ

138 2617 192 2653 με
211 2603 453 2644 Κυλωνείων
481 2618 544 2651 τις
572 2599 762 2655 ὄμέστιος
792 2601 897 2651 (Sic)
930 2595 1059 2653 ἤγαγε
1090 2599 1227 2652 δήμου
1265 2602 1358 2641 Τῶν
1379 2598 1551 2655 ἑτάρων.
1583 2600 1666 2640 Co-

137 2672 239 2712 dicis
268 2673 515 2723 scripturam
541 2675 605 2714 Ἐκ
635 2675 714 2726 μὲν
743 2697 800 2704 -—-
831 2674 913 2713 τῶν
943 2669 1094 2724 ἑτέρων
1127 2672 1269 2713 leviter
1300 2672 1519 2712 emendavi.
1578 2670 1664 2710 Ve-

134 2746 296 2786 rissime
325 2760 394 2796 pce:
424 2744 589 2799 ἑτάρων
622 2745 827 2785 addubito.
887 2744 981 2784 Mihi
1011 2743 1110 2784 hoc:

356 2812 400 2855 ἔκ
431 2830 483 2867 με
518 2813 754 2857 Κολωνάων
787 2830 848 2863 τις
879 2813 1076 2866 ὄμέστιον
1107 2808 1235 2866 ἤγαγε
1265 2810 1401 2864 δήμου
