<?xml version="1.0" encoding="UTF-8"?>
<!DOCTYPE html PUBLIC "-//W3C//DTD XHTML 1.0 Transitional//EN"
    "http://www.w3.org/TR/xhtml1/DTD/xhtml1-transitional.dtd">
<html xmlns="http://www.w3.org/1999/xhtml" xml:lang="en" lang="en">
 <head>
  <title>
</title>
<meta http-equiv="Content-Type" content="text/html;charset=utf-8" />
  <meta name='ocr-system' content='tesseract 3.04.00' />
  <meta name='ocr-capabilities' content='ocr_page ocr_carea ocr_par ocr_line ocrx_word'/>
</head>
<body>
  <div class='ocr_page' id='page_1' title='image "./opusculaphilolog02naekuoft_0111.png"; bbox 0 0 1856 3126; ppageno 0'>
   <div class='ocr_carea' id='block_1_1' title="bbox 757 83 1069 120">
    <p class='ocr_par' dir='ltr' id='par_1_1' title="bbox 757 83 1069 120">
     <span class='ocr_line' id='line_1_1' title="bbox 757 83 1069 120; baseline -0.003 0"><span class='ocrx_word' id='word_1_1' title='bbox 757 83 1069 120; x_wconf 82' lang='lat'>——101—-</span> 
     </span>
    </p>
   </div>
   <div class='ocr_carea' id='block_1_2' title="bbox 117 196 1684 2840">
    <p class='ocr_par' dir='ltr' id='par_1_2' title="bbox 141 196 1684 467">
     <span class='ocr_line' id='line_1_2' title="bbox 141 196 1684 253; baseline -0.005 -11"><span class='ocrx_word' id='word_1_2' title='bbox 141 196 262 242; x_wconf 79' lang='grc' dir='ltr'>’Ἐστι</span> <span class='ocrx_word' id='word_1_3' title='bbox 298 202 344 240; x_wconf 71' lang='grc' dir='ltr'>δέ</span> <span class='ocrx_word' id='word_1_4' title='bbox 381 214 454 246; x_wconf 82' lang='grc' dir='ltr'>τις.</span> <span class='ocrx_word' id='word_1_5' title='bbox 505 196 628 241; x_wconf 83' lang='grc' dir='ltr'>’Ἐστι</span> <span class='ocrx_word' id='word_1_6' title='bbox 669 215 733 247; x_wconf 85' lang='grc' dir='ltr'>τις</span> <span class='ocrx_word' id='word_1_7' title='bbox 779 201 880 253; x_wconf 87' lang='lat' dir='ltr'>apud</span> <span class='ocrx_word' id='word_1_8' title='bbox 925 201 1140 241; x_wconf 79' lang='lat' dir='ltr'><strong>Hesiodum</strong></span> <span class='ocrx_word' id='word_1_9' title='bbox 1181 200 1218 239; x_wconf 89' lang='lat' dir='ltr'>in</span> <span class='ocrx_word' id='word_1_10' title='bbox 1254 197 1530 251; x_wconf 83' lang='lat' dir='ltr'>FragmentiS,</span> <span class='ocrx_word' id='word_1_11' title='bbox 1578 197 1684 236; x_wconf 88' lang='lat' dir='ltr'>alibi.</span> 
     </span>
     <span class='ocr_line' id='line_1_3' title="bbox 147 263 1684 326; baseline -0.003 -13"><span class='ocrx_word' id='word_1_12' title='bbox 147 269 367 326; x_wconf 67' lang='grc' dir='ltr'>’Λιθηὸών</span> <span class='ocrx_word' id='word_1_13' title='bbox 404 269 454 311; x_wconf 75' lang='lat' dir='ltr'>vv&#39;</span> <span class='ocrx_word' id='word_1_14' title='bbox 486 286 549 317; x_wconf 80' lang='grc' dir='ltr'>τις</span> <span class='ocrx_word' id='word_1_15' title='bbox 580 268 692 312; x_wconf 73' lang='grc' dir='ltr'>ἐστίν</span> <span class='ocrx_word' id='word_1_16' title='bbox 731 273 913 325; x_wconf 73' lang='lat' dir='ltr'>Theolyt.</span> <span class='ocrx_word' id='word_1_17' title='bbox 960 285 1021 325; x_wconf 81' lang='lat' dir='ltr'>ap.</span> <span class='ocrx_word' id='word_1_18' title='bbox 1059 273 1206 312; x_wconf 83' lang='lat' dir='ltr'>Athen.</span> <span class='ocrx_word' id='word_1_19' title='bbox 1235 271 1315 311; x_wconf 78' lang='lat' dir='ltr'>Vll.</span> <span class='ocrx_word' id='word_1_20' title='bbox 1346 270 1440 310; x_wconf 67' lang='lat'>296.</span> <span class='ocrx_word' id='word_1_21' title='bbox 1470 269 1511 309; x_wconf 85' lang='lat' dir='ltr'>B.</span> <span class='ocrx_word' id='word_1_22' title='bbox 1558 263 1684 309; x_wconf 73' lang='lat' dir='ltr'>’&#39;Eou</span> 
     </span>
     <span class='ocr_line' id='line_1_4' title="bbox 150 336 1684 394; baseline -0.001 -12"><span class='ocrx_word' id='word_1_23' title='bbox 150 342 300 393; x_wconf 84' lang='grc' dir='ltr'><em>πόλις,</em></span> <span class='ocrx_word' id='word_1_24' title='bbox 331 343 506 383; x_wconf 84' lang='lat' dir='ltr'><strong>Homero</strong></span> <span class='ocrx_word' id='word_1_25' title='bbox 537 349 770 394; x_wconf 80' lang='lat' dir='ltr'>praecunte,</span> <span class='ocrx_word' id='word_1_26' title='bbox 798 345 963 384; x_wconf 90' lang='lat' dir='ltr'>Nonnus</span> <span class='ocrx_word' id='word_1_27' title='bbox 997 344 1060 383; x_wconf 93' lang='lat' dir='ltr'>Ill.</span> <span class='ocrx_word' id='word_1_28' title='bbox 1091 345 1184 384; x_wconf 78' lang='grc'>258.</span> <span class='ocrx_word' id='word_1_29' title='bbox 1218 343 1315 383; x_wconf 83' lang='lat' dir='ltr'>XLI.</span> <span class='ocrx_word' id='word_1_30' title='bbox 1339 339 1402 382; x_wconf 74' lang='lat'>14.</span> <span class='ocrx_word' id='word_1_31' title='bbox 1451 336 1592 382; x_wconf 71' lang='grc' dir='ltr'><em>’Ἔνθα</em></span> <span class='ocrx_word' id='word_1_32' title='bbox 1621 354 1684 388; x_wconf 85' lang='grc' dir='ltr'>τις</span> 
     </span>
     <span class='ocr_line' id='line_1_5' title="bbox 144 414 1344 467; baseline -0.001 -13"><span class='ocrx_word' id='word_1_33' title='bbox 144 415 249 455; x_wconf 88' lang='lat' dir='ltr'>idem</span> <span class='ocrx_word' id='word_1_34' title='bbox 282 415 368 455; x_wconf 90' lang='lat' dir='ltr'>XV.</span> <span class='ocrx_word' id='word_1_35' title='bbox 391 414 482 454; x_wconf 80' lang='lat'>169.</span> <span class='ocrx_word' id='word_1_36' title='bbox 515 414 602 454; x_wconf 86' lang='lat' dir='ltr'>XX.</span> <span class='ocrx_word' id='word_1_37' title='bbox 629 417 718 454; x_wconf 63' lang='lat'>149.</span> <span class='ocrx_word' id='word_1_38' title='bbox 749 416 857 456; x_wconf 89' lang='lat' dir='ltr'>alibi.</span> <span class='ocrx_word' id='word_1_39' title='bbox 921 416 1016 456; x_wconf 74' lang='grc' dir='ltr'>Καί</span> <span class='ocrx_word' id='word_1_40' title='bbox 1040 430 1101 461; x_wconf 84' lang='grc' dir='ltr'>τις</span> <span class='ocrx_word' id='word_1_41' title='bbox 1132 428 1193 467; x_wconf 85' lang='lat' dir='ltr'>ap.</span> <span class='ocrx_word' id='word_1_42' title='bbox 1225 414 1344 453; x_wconf 91' lang='lat' dir='ltr'>eund.</span> 
     </span>
    </p>

    <p class='ocr_par' dir='ltr' id='par_1_3' title="bbox 253 482 1679 540">
     <span class='ocr_line' id='line_1_6' title="bbox 253 482 1679 540; baseline -0.003 -14"><span class='ocrx_word' id='word_1_43' title='bbox 253 487 539 539; x_wconf 82' lang='lat' dir='ltr'>Exponebatur</span> <span class='ocrx_word' id='word_1_44' title='bbox 568 486 618 526; x_wconf 90' lang='lat' dir='ltr'>de</span> <span class='ocrx_word' id='word_1_45' title='bbox 648 492 842 528; x_wconf 88' lang='lat' dir='ltr'>consueta</span> <span class='ocrx_word' id='word_1_46' title='bbox 871 487 1144 540; x_wconf 73' lang='lat' dir='ltr'>hospitalitate</span> <span class='ocrx_word' id='word_1_47' title='bbox 1166 487 1350 526; x_wconf 86' lang='lat' dir='ltr'>Hecales.</span> <span class='ocrx_word' id='word_1_48' title='bbox 1381 482 1679 537; x_wconf 84' lang='lat' dir='ltr'>Fragm.XLl.*</span> 
     </span>
    </p>

    <p class='ocr_par' dir='ltr' id='par_1_4' title="bbox 367 552 1428 684">
     <span class='ocr_line' id='line_1_7' title="bbox 858 552 1428 604; baseline -0.007 -4"><span class='ocrx_word' id='word_1_49' title='bbox 858 565 945 600; x_wconf 84' lang='grc' dir='ltr'>τῖον</span> <span class='ocrx_word' id='word_1_50' title='bbox 979 560 1025 599; x_wconf 72' lang='grc' dir='ltr'>δέ</span> <span class='ocrx_word' id='word_1_51' title='bbox 1056 552 1076 597; x_wconf 70' lang='grc' dir='ltr'><em>ἓ</em></span> <span class='ocrx_word' id='word_1_52' title='bbox 1108 558 1256 604; x_wconf 70' lang='grc' dir='ltr'>πάντες</span> <span class='ocrx_word' id='word_1_53' title='bbox 1289 555 1428 597; x_wconf 71' lang='grc' dir='ltr'>ὁδῖται</span> 
     </span>
     <span class='ocr_line' id='line_1_8' title="bbox 367 623 1379 684; baseline 0.002 -16"><span class='ocrx_word' id='word_1_54' title='bbox 367 623 448 682; x_wconf 69' lang='grc' dir='ltr'>ἦρα</span> <span class='ocrx_word' id='word_1_55' title='bbox 480 631 736 684; x_wconf 76' lang='grc' dir='ltr'>φιλοξενιής·</span> <span class='ocrx_word' id='word_1_56' title='bbox 782 626 852 682; x_wconf 76' lang='grc' dir='ltr'>ἔχε</span> <span class='ocrx_word' id='word_1_57' title='bbox 883 628 964 683; x_wconf 74' lang='grc' dir='ltr'>γάρ</span> <span class='ocrx_word' id='word_1_58' title='bbox 996 631 1111 682; x_wconf 78' lang='grc' dir='ltr'>τέγος</span> <span class='ocrx_word' id='word_1_59' title='bbox 1145 627 1379 682; x_wconf 71' lang='grc' dir='ltr'>α’κλήϊστον.</span> 
     </span>
    </p>

    <p class='ocr_par' dir='ltr' id='par_1_5' title="bbox 117 699 1679 2840">
     <span class='ocr_line' id='line_1_9' title="bbox 139 699 1679 755; baseline -0.004 -13"><span class='ocrx_word' id='word_1_60' title='bbox 139 701 319 742; x_wconf 79' lang='lat' dir='ltr'>Eandem</span> <span class='ocrx_word' id='word_1_61' title='bbox 353 702 391 741; x_wconf 95' lang='lat' dir='ltr'>in</span> <span class='ocrx_word' id='word_1_62' title='bbox 422 703 662 742; x_wconf 82' lang='lat' dir='ltr'>sententiam</span> <span class='ocrx_word' id='word_1_63' title='bbox 695 702 798 742; x_wconf 87' lang='lat' dir='ltr'>infra</span> <span class='ocrx_word' id='word_1_64' title='bbox 832 703 1045 754; x_wconf 87' lang='lat' dir='ltr'>scriptum:</span> <span class='ocrx_word' id='word_1_65' title='bbox 1082 725 1132 733; x_wconf 90' lang='lat'>-</span> <span class='ocrx_word' id='word_1_66' title='bbox 1168 704 1419 755; x_wconf 71' lang='grc' dir='ltr'>φιλοξείνοιο</span> <span class='ocrx_word' id='word_1_67' title='bbox 1447 699 1595 750; x_wconf 80' lang='grc' dir='ltr'>καλιῆς</span> <span class='ocrx_word' id='word_1_68' title='bbox 1623 721 1679 730; x_wconf 85' lang='grc'><strong>-</strong></span> 
     </span>
     <span class='ocr_line' id='line_1_10' title="bbox 140 766 1678 825; baseline -0.004 -12"><span class='ocrx_word' id='word_1_69' title='bbox 140 772 264 824; x_wconf 79' lang='grc' dir='ltr'><em>’ξυνὸν</em></span> <span class='ocrx_word' id='word_1_70' title='bbox 292 772 374 825; x_wconf 72' lang='grc' dir='ltr'>γὰρ</span> <span class='ocrx_word' id='word_1_71' title='bbox 408 773 611 813; x_wconf 52' lang='lat' dir='ltr'>&amp;numm</span> <span class='ocrx_word' id='word_1_72' title='bbox 642 771 758 814; x_wconf 77' lang='grc' dir='ltr'>ἔσκεν</span> <span class='ocrx_word' id='word_1_73' title='bbox 787 769 961 813; x_wconf 82' lang='grc' dir='ltr'>ἅπασιν.</span> <span class='ocrx_word' id='word_1_74' title='bbox 1003 766 1084 825; x_wconf 73' lang='grc' dir='ltr'>ἦρα</span> <span class='ocrx_word' id='word_1_75' title='bbox 1117 772 1267 824; x_wconf 86' lang='lat' dir='ltr'>primus</span> <span class='ocrx_word' id='word_1_76' title='bbox 1297 769 1424 809; x_wconf 84' lang='lat' dir='ltr'>edidit</span> <span class='ocrx_word' id='word_1_77' title='bbox 1453 782 1474 808; x_wconf 90' lang='lat' dir='ltr'>a</span> <span class='ocrx_word' id='word_1_78' title='bbox 1501 768 1678 808; x_wconf 83' lang='lat' dir='ltr'>Valcke-</span> 
     </span>
     <span class='ocr_line' id='line_1_11' title="bbox 140 840 1674 898; baseline -0.004 -13"><span class='ocrx_word' id='word_1_79' title='bbox 140 846 256 885; x_wconf 85' lang='grc'>113110</span> <span class='ocrx_word' id='word_1_80' title='bbox 290 845 451 898; x_wconf 84' lang='grc' dir='ltr'>(Ερ1511.</span> <span class='ocrx_word' id='word_1_81' title='bbox 481 846 691 885; x_wconf 68' lang='lat' dir='ltr'>&#39;l&#39;ittmann</span> <span class='ocrx_word' id='word_1_82' title='bbox 724 857 762 898; x_wconf 87' lang='lat' dir='ltr'>p.</span> <span class='ocrx_word' id='word_1_83' title='bbox 793 843 884 896; x_wconf 70' lang='lat'>49.)</span> <span class='ocrx_word' id='word_1_84' title='bbox 917 844 1143 885; x_wconf 88' lang='lat' dir='ltr'>admonitus</span> <span class='ocrx_word' id='word_1_85' title='bbox 1175 843 1397 883; x_wconf 86' lang='lat' dir='ltr'>Ernestius.</span> <span class='ocrx_word' id='word_1_86' title='bbox 1459 840 1517 880; x_wconf 87' lang='lat' dir='ltr'>Cf.</span> <span class='ocrx_word' id='word_1_87' title='bbox 1549 841 1674 880; x_wconf 83' lang='lat' dir='ltr'>Diatr.</span> 
     </span>
     <span class='ocr_line' id='line_1_12' title="bbox 134 912 1674 970; baseline -0.003 -13"><span class='ocrx_word' id='word_1_88' title='bbox 134 917 269 970; x_wconf 88' lang='lat' dir='ltr'>Eurip.</span> <span class='ocrx_word' id='word_1_89' title='bbox 316 931 352 970; x_wconf 87' lang='lat' dir='ltr'>p.</span> <span class='ocrx_word' id='word_1_90' title='bbox 394 918 484 958; x_wconf 82' lang='lat'>130.</span> <span class='ocrx_word' id='word_1_91' title='bbox 535 923 574 958; x_wconf 91' lang='lat' dir='ltr'>et</span> <span class='ocrx_word' id='word_1_92' title='bbox 610 919 871 959; x_wconf 88' lang='lat' dir='ltr'>Buttmannus</span> <span class='ocrx_word' id='word_1_93' title='bbox 912 918 1034 958; x_wconf 83' lang='lat' dir='ltr'>Lexil.</span> <span class='ocrx_word' id='word_1_94' title='bbox 1068 917 1096 956; x_wconf 91' lang='grc' dir='ltr'>Ι.</span> <span class='ocrx_word' id='word_1_95' title='bbox 1136 929 1172 969; x_wconf 89' lang='lat' dir='ltr'>p.</span> <span class='ocrx_word' id='word_1_96' title='bbox 1210 916 1300 955; x_wconf 75' lang='lat'>150.</span> <span class='ocrx_word' id='word_1_97' title='bbox 1333 918 1416 954; x_wconf 88' lang='lat' dir='ltr'>not.</span> <span class='ocrx_word' id='word_1_98' title='bbox 1448 913 1486 953; x_wconf 86' lang='lat'>3.</span> <span class='ocrx_word' id='word_1_99' title='bbox 1545 912 1674 965; x_wconf 84' lang='lat' dir='ltr'>Magis</span> 
     </span>
     <span class='ocr_line' id='line_1_13' title="bbox 135 983 1672 1043; baseline -0.001 -15"><span class='ocrx_word' id='word_1_100' title='bbox 135 988 358 1028; x_wconf 78' lang='lat' dir='ltr'>insolenter</span> <span class='ocrx_word' id='word_1_101' title='bbox 400 989 567 1029; x_wconf 88' lang='lat' dir='ltr'>Nonnus</span> <span class='ocrx_word' id='word_1_102' title='bbox 613 989 766 1043; x_wconf 82' lang='lat' dir='ltr'>Evang.</span> <span class='ocrx_word' id='word_1_103' title='bbox 811 990 867 1029; x_wconf 93' lang='lat' dir='ltr'>Io.</span> <span class='ocrx_word' id='word_1_104' title='bbox 908 989 1004 1028; x_wconf 89' lang='lat' dir='ltr'><strong>VIII.</strong></span> <span class='ocrx_word' id='word_1_105' title='bbox 1041 987 1107 1028; x_wconf 74' lang='lat'>46.</span> <span class='ocrx_word' id='word_1_106' title='bbox 1153 987 1297 1028; x_wconf 84' lang='lat' dir='ltr'>eodem</span> <span class='ocrx_word' id='word_1_107' title='bbox 1349 986 1470 1027; x_wconf 89' lang='lat' dir='ltr'>modo</span> <span class='ocrx_word' id='word_1_108' title='bbox 1518 983 1672 1040; x_wconf 69' lang='grc' dir='ltr'><strong><em>ἐπίηρα</em></strong></span> 
     </span>
     <span class='ocr_line' id='line_1_14' title="bbox 134 1057 1668 1114; baseline -0.001 -15"><span class='ocrx_word' id='word_1_109' title='bbox 134 1062 364 1112; x_wconf 83' lang='lat' dir='ltr'>usurpavit:</span> <span class='ocrx_word' id='word_1_110' title='bbox 418 1061 657 1113; x_wconf 75' lang='grc' dir='ltr'>α’μπλακίης</span> <span class='ocrx_word' id='word_1_111' title='bbox 714 1057 879 1114; x_wconf 70' lang='grc' dir='ltr'>ἐπίηρα,</span> <span class='ocrx_word' id='word_1_112' title='bbox 950 1061 990 1100; x_wconf 90' lang='grc'>81</span> <span class='ocrx_word' id='word_1_113' title='bbox 1048 1061 1134 1112; x_wconf 89' lang='lat' dir='ltr'>quis</span> <span class='ocrx_word' id='word_1_114' title='bbox 1193 1060 1296 1099; x_wconf 86' lang='lat' dir='ltr'>l&#39;orte</span> <span class='ocrx_word' id='word_1_115' title='bbox 1347 1060 1454 1098; x_wconf 88' lang='lat' dir='ltr'>seire</span> <span class='ocrx_word' id='word_1_116' title='bbox 1511 1059 1668 1110; x_wconf 74' lang='lat' dir='ltr'>cupiat,</span> 
     </span>
     <span class='ocr_line' id='line_1_15' title="bbox 134 1130 1670 1185; baseline -0.002 -12"><span class='ocrx_word' id='word_1_117' title='bbox 134 1133 336 1185; x_wconf 89' lang='lat' dir='ltr'>quomodo</span> <span class='ocrx_word' id='word_1_118' title='bbox 381 1133 662 1174; x_wconf 81' lang='lat' dir='ltr'>Callimachum</span> <span class='ocrx_word' id='word_1_119' title='bbox 704 1133 779 1172; x_wconf 90' lang='lat' dir='ltr'>viri</span> <span class='ocrx_word' id='word_1_120' title='bbox 822 1133 931 1174; x_wconf 86' lang='lat' dir='ltr'>docti</span> <span class='ocrx_word' id='word_1_121' title='bbox 978 1138 1069 1172; x_wconf 90' lang='lat' dir='ltr'>ante</span> <span class='ocrx_word' id='word_1_122' title='bbox 1111 1134 1328 1172; x_wconf 70' lang='lat' dir='ltr'>restitutum</span> <span class='ocrx_word' id='word_1_123' title='bbox 1378 1144 1400 1171; x_wconf 88' lang='lat' dir='ltr'>a</span> <span class='ocrx_word' id='word_1_124' title='bbox 1441 1130 1670 1170; x_wconf 72' lang='lat' dir='ltr'>Valckena-</span> 
     </span>
     <span class='ocr_line' id='line_1_16' title="bbox 131 1200 1667 1258; baseline -0.002 -13"><span class='ocrx_word' id='word_1_125' title='bbox 131 1206 193 1245; x_wconf 85' lang='lat' dir='ltr'>rio</span> <span class='ocrx_word' id='word_1_126' title='bbox 250 1200 333 1258; x_wconf 71' lang='grc' dir='ltr'>ἦρα</span> <span class='ocrx_word' id='word_1_127' title='bbox 386 1206 644 1257; x_wconf 85' lang='lat' dir='ltr'>acceperint,</span> <span class='ocrx_word' id='word_1_128' title='bbox 695 1206 749 1245; x_wconf 90' lang='lat' dir='ltr'>ita</span> <span class='ocrx_word' id='word_1_129' title='bbox 802 1209 1045 1257; x_wconf 87' lang='lat' dir='ltr'>acceperunt</span> <span class='ocrx_word' id='word_1_130' title='bbox 1089 1206 1134 1246; x_wconf 88' lang='lat' dir='ltr'>H.</span> <span class='ocrx_word' id='word_1_131' title='bbox 1180 1205 1313 1244; x_wconf 91' lang='lat' dir='ltr'>Iunius</span> <span class='ocrx_word' id='word_1_132' title='bbox 1359 1205 1397 1244; x_wconf 95' lang='lat' dir='ltr'>in</span> <span class='ocrx_word' id='word_1_133' title='bbox 1451 1204 1667 1256; x_wconf 83' lang='lat' dir='ltr'>proverbio</span> 
     </span>
     <span class='ocr_line' id='line_1_17' title="bbox 130 1276 1667 1329; baseline -0.002 -12"><span class='ocrx_word' id='word_1_134' title='bbox 130 1277 303 1317; x_wconf 83' lang='lat' dir='ltr'>Hecales</span> <span class='ocrx_word' id='word_1_135' title='bbox 343 1290 496 1326; x_wconf 77' lang='lat' dir='ltr'>coena,</span> <span class='ocrx_word' id='word_1_136' title='bbox 539 1282 578 1316; x_wconf 89' lang='lat' dir='ltr'>et</span> <span class='ocrx_word' id='word_1_137' title='bbox 613 1290 701 1318; x_wconf 87' lang='lat' dir='ltr'>cum</span> <span class='ocrx_word' id='word_1_138' title='bbox 738 1277 851 1318; x_wconf 89' lang='lat' dir='ltr'>Iunio</span> <span class='ocrx_word' id='word_1_139' title='bbox 895 1279 943 1317; x_wconf 90' lang='lat' dir='ltr'>A.</span> <span class='ocrx_word' id='word_1_140' title='bbox 985 1278 1170 1318; x_wconf 87' lang='lat' dir='ltr'>Schottus</span> <span class='ocrx_word' id='word_1_141' title='bbox 1215 1278 1333 1317; x_wconf 84' lang='lat' dir='ltr'>Obss.</span> <span class='ocrx_word' id='word_1_142' title='bbox 1379 1281 1486 1329; x_wconf 90' lang='lat' dir='ltr'>poet.</span> <span class='ocrx_word' id='word_1_143' title='bbox 1522 1277 1567 1316; x_wconf 93' lang='lat' dir='ltr'>ll.</span> <span class='ocrx_word' id='word_1_144' title='bbox 1601 1276 1667 1316; x_wconf 73' lang='grc'>29.</span> 
     </span>
     <span class='ocr_line' id='line_1_18' title="bbox 129 1348 1668 1400; baseline -0.003 -11"><span class='ocrx_word' id='word_1_145' title='bbox 129 1354 170 1389; x_wconf 91' lang='lat' dir='ltr'>et</span> <span class='ocrx_word' id='word_1_146' title='bbox 216 1349 430 1389; x_wconf 88' lang='lat' dir='ltr'>Gonsalius</span> <span class='ocrx_word' id='word_1_147' title='bbox 478 1351 514 1388; x_wconf 92' lang='lat' dir='ltr'>in</span> <span class='ocrx_word' id='word_1_148' title='bbox 560 1348 718 1388; x_wconf 83' lang='lat' dir='ltr'>Petron.</span> <span class='ocrx_word' id='word_1_149' title='bbox 764 1361 797 1388; x_wconf 89' lang='grc'>0.</span> <span class='ocrx_word' id='word_1_150' title='bbox 834 1348 925 1387; x_wconf 81' lang='grc'>135.</span> <span class='ocrx_word' id='word_1_151' title='bbox 968 1349 1141 1400; x_wconf 77' lang='lat' dir='ltr'>itemque</span> <span class='ocrx_word' id='word_1_152' title='bbox 1185 1349 1392 1397; x_wconf 64' lang='lat' dir='ltr'>liminius,</span> <span class='ocrx_word' id='word_1_153' title='bbox 1440 1352 1479 1387; x_wconf 87' lang='lat' dir='ltr'>ut</span> <span class='ocrx_word' id='word_1_154' title='bbox 1522 1348 1668 1400; x_wconf 86' lang='lat' dir='ltr'>iunge-</span> 
     </span>
     <span class='ocr_line' id='line_1_19' title="bbox 127 1417 1668 1475; baseline -0.003 -14"><span class='ocrx_word' id='word_1_155' title='bbox 127 1425 218 1461; x_wconf 88' lang='lat' dir='ltr'>rent</span> <span class='ocrx_word' id='word_1_156' title='bbox 265 1418 501 1475; x_wconf 74' lang='grc' dir='ltr'>φιλοξενιής</span> <span class='ocrx_word' id='word_1_157' title='bbox 552 1423 698 1472; x_wconf 83' lang='grc' dir='ltr'>στέγος</span> <span class='ocrx_word' id='word_1_158' title='bbox 747 1417 982 1473; x_wconf 73' lang='grc' dir='ltr'>α’κλήϊστον.</span> <span class='ocrx_word' id='word_1_159' title='bbox 1057 1420 1259 1460; x_wconf 87' lang='lat' dir='ltr'>Bentleius</span> <span class='ocrx_word' id='word_1_160' title='bbox 1308 1432 1405 1460; x_wconf 80' lang='lat' dir='ltr'>vero</span> <span class='ocrx_word' id='word_1_161' title='bbox 1445 1421 1525 1459; x_wconf 83' lang='lat' dir='ltr'>ita:</span> <span class='ocrx_word' id='word_1_162' title='bbox 1581 1424 1668 1460; x_wconf 77' lang='grc' dir='ltr'>τῖον</span> 
     </span>
     <span class='ocr_line' id='line_1_20' title="bbox 129 1491 1667 1548; baseline -0.001 -16"><span class='ocrx_word' id='word_1_163' title='bbox 129 1495 386 1548; x_wconf 78' lang='grc' dir='ltr'>φιλοξενιής,</span> <span class='ocrx_word' id='word_1_164' title='bbox 415 1492 439 1532; x_wconf 85' lang='grc'>1.</span> <span class='ocrx_word' id='word_1_165' title='bbox 474 1505 508 1532; x_wconf 83' lang='lat' dir='ltr'>e.</span> <span class='ocrx_word' id='word_1_166' title='bbox 553 1491 672 1533; x_wconf 67' lang='grc' dir='ltr'>’ἑνεκα</span> <span class='ocrx_word' id='word_1_167' title='bbox 707 1494 953 1546; x_wconf 68' lang='grc' dir='ltr'>φιλοξειίἠς,</span> <span class='ocrx_word' id='word_1_168' title='bbox 1068 1495 1185 1544; x_wconf 74' lang='grc' dir='ltr'>τέγος</span> <span class='ocrx_word' id='word_1_169' title='bbox 1231 1493 1374 1531; x_wconf 84' lang='lat' dir='ltr'>retinui</span> <span class='ocrx_word' id='word_1_170' title='bbox 1419 1504 1506 1531; x_wconf 87' lang='lat' dir='ltr'>cum</span> <span class='ocrx_word' id='word_1_171' title='bbox 1543 1491 1667 1531; x_wconf 87' lang='lat' dir='ltr'>Bent-</span> 
     </span>
     <span class='ocr_line' id='line_1_21' title="bbox 126 1563 1667 1618; baseline -0.002 -13"><span class='ocrx_word' id='word_1_172' title='bbox 126 1565 246 1615; x_wconf 78' lang='lat' dir='ltr'>leio,</span> <span class='ocrx_word' id='word_1_173' title='bbox 288 1569 329 1605; x_wconf 90' lang='lat' dir='ltr'>ut</span> <span class='ocrx_word' id='word_1_174' title='bbox 379 1566 578 1618; x_wconf 78' lang='lat' dir='ltr'>vulgatam</span> <span class='ocrx_word' id='word_1_175' title='bbox 632 1567 669 1605; x_wconf 95' lang='lat' dir='ltr'>in</span> <span class='ocrx_word' id='word_1_176' title='bbox 717 1566 890 1607; x_wconf 87' lang='lat' dir='ltr'>Seholiis</span> <span class='ocrx_word' id='word_1_177' title='bbox 936 1565 1140 1617; x_wconf 86' lang='lat' dir='ltr'>Aristoph.</span> <span class='ocrx_word' id='word_1_178' title='bbox 1191 1564 1366 1604; x_wconf 86' lang='lat' dir='ltr'>Aeharn.</span> <span class='ocrx_word' id='word_1_179' title='bbox 1425 1565 1513 1604; x_wconf 81' lang='grc'>127.</span> <span class='ocrx_word' id='word_1_180' title='bbox 1560 1563 1667 1604; x_wconf 82' lang='grc'>5011-</span> 
     </span>
     <span class='ocr_line' id='line_1_22' title="bbox 121 1636 1660 1691; baseline -0.002 -13"><span class='ocrx_word' id='word_1_181' title='bbox 121 1643 291 1691; x_wconf 87' lang='lat' dir='ltr'>pturam.</span> <span class='ocrx_word' id='word_1_182' title='bbox 351 1639 449 1679; x_wconf 88' lang='lat' dir='ltr'>Nam</span> <span class='ocrx_word' id='word_1_183' title='bbox 480 1636 579 1691; x_wconf 74' lang='grc' dir='ltr'>ἔσχε</span> <span class='ocrx_word' id='word_1_184' title='bbox 611 1637 769 1691; x_wconf 85' lang='grc' dir='ltr'>στέγος,</span> <span class='ocrx_word' id='word_1_185' title='bbox 798 1642 839 1677; x_wconf 89' lang='grc'>111</span> <span class='ocrx_word' id='word_1_186' title='bbox 871 1642 931 1677; x_wconf 89' lang='lat' dir='ltr'>est</span> <span class='ocrx_word' id='word_1_187' title='bbox 959 1637 1063 1690; x_wconf 89' lang='lat' dir='ltr'>apud</span> <span class='ocrx_word' id='word_1_188' title='bbox 1094 1638 1252 1677; x_wconf 86' lang='lat' dir='ltr'>Annam</span> <span class='ocrx_word' id='word_1_189' title='bbox 1282 1636 1399 1676; x_wconf 83' lang='lat' dir='ltr'>Fabri</span> <span class='ocrx_word' id='word_1_190' title='bbox 1423 1649 1459 1689; x_wconf 91' lang='lat' dir='ltr'>p.</span> <span class='ocrx_word' id='word_1_191' title='bbox 1485 1636 1576 1677; x_wconf 83' lang='lat'>163.</span> <span class='ocrx_word' id='word_1_192' title='bbox 1601 1646 1660 1686; x_wconf 89' lang='lat' dir='ltr'>(p.</span> 
     </span>
     <span class='ocr_line' id='line_1_23' title="bbox 120 1708 1661 1762; baseline -0.003 -12"><span class='ocrx_word' id='word_1_193' title='bbox 120 1709 217 1750; x_wconf 78' lang='lat'>363.</span> <span class='ocrx_word' id='word_1_194' title='bbox 248 1710 312 1749; x_wconf 89' lang='lat' dir='ltr'>ed.</span> <span class='ocrx_word' id='word_1_195' title='bbox 345 1711 463 1757; x_wconf 83' lang='lat' dir='ltr'>Ern.)</span> <span class='ocrx_word' id='word_1_196' title='bbox 498 1710 535 1749; x_wconf 93' lang='lat' dir='ltr'>in</span> <span class='ocrx_word' id='word_1_197' title='bbox 567 1708 731 1749; x_wconf 83' lang='lat' dir='ltr'>scholiis</span> <span class='ocrx_word' id='word_1_198' title='bbox 763 1709 969 1762; x_wconf 87' lang='lat' dir='ltr'>Aristoph.</span> <span class='ocrx_word' id='word_1_199' title='bbox 1001 1710 1168 1761; x_wconf 90' lang='lat' dir='ltr'>primum</span> <span class='ocrx_word' id='word_1_200' title='bbox 1199 1709 1421 1749; x_wconf 88' lang='lat' dir='ltr'>Frobenius</span> <span class='ocrx_word' id='word_1_201' title='bbox 1452 1708 1591 1758; x_wconf 78' lang='lat' dir='ltr'>edidit,</span> <span class='ocrx_word' id='word_1_202' title='bbox 1621 1712 1661 1746; x_wconf 91' lang='lat' dir='ltr'>ut</span> 
     </span>
     <span class='ocr_line' id='line_1_24' title="bbox 124 1779 1663 1833; baseline -0.001 -11"><span class='ocrx_word' id='word_1_203' title='bbox 124 1782 318 1822; x_wconf 87' lang='lat' dir='ltr'>observat</span> <span class='ocrx_word' id='word_1_204' title='bbox 348 1782 572 1831; x_wconf 85' lang='lat' dir='ltr'>Bentleius;</span> <span class='ocrx_word' id='word_1_205' title='bbox 614 1783 652 1821; x_wconf 91' lang='lat' dir='ltr'>in</span> <span class='ocrx_word' id='word_1_206' title='bbox 681 1781 827 1821; x_wconf 88' lang='lat' dir='ltr'>Aldina</span> <span class='ocrx_word' id='word_1_207' title='bbox 860 1782 943 1820; x_wconf 87' lang='lat' dir='ltr'>sio:</span> <span class='ocrx_word' id='word_1_208' title='bbox 977 1779 1065 1833; x_wconf 75' lang='grc' dir='ltr'>ἔσχ’</span> <span class='ocrx_word' id='word_1_209' title='bbox 1093 1782 1135 1827; x_wconf 78' lang='grc' dir='ltr'>ἐς</span> <span class='ocrx_word' id='word_1_210' title='bbox 1164 1781 1241 1833; x_wconf 68' lang='grc' dir='ltr'>γῆν</span> <span class='ocrx_word' id='word_1_211' title='bbox 1272 1783 1390 1831; x_wconf 75' lang='grc' dir='ltr'>τέγος</span> <span class='ocrx_word' id='word_1_212' title='bbox 1423 1782 1516 1820; x_wconf 60' lang='lat' dir='ltr'>dut.</span> <span class='ocrx_word' id='word_1_213' title='bbox 1576 1781 1663 1820; x_wconf 66' lang='lat' dir='ltr'><em>Dc·-</em></span> 
     </span>
     <span class='ocr_line' id='line_1_25' title="bbox 119 1845 1660 1906; baseline -0.002 -13"><span class='ocrx_word' id='word_1_214' title='bbox 119 1854 217 1894; x_wconf 86' lang='lat' dir='ltr'>inde</span> <span class='ocrx_word' id='word_1_215' title='bbox 251 1854 300 1893; x_wconf 85' lang='lat' dir='ltr'>de</span> <span class='ocrx_word' id='word_1_216' title='bbox 328 1845 484 1904; x_wconf 76' lang='lat' dir='ltr'>tribus&#39;,</span> <span class='ocrx_word' id='word_1_217' title='bbox 526 1855 591 1906; x_wconf 82' lang='lat' dir='ltr'>qui</span> <span class='ocrx_word' id='word_1_218' title='bbox 624 1853 700 1892; x_wconf 87' lang='lat' dir='ltr'>hoe</span> <span class='ocrx_word' id='word_1_219' title='bbox 731 1858 974 1905; x_wconf 87' lang='lat' dir='ltr'>postremum</span> <span class='ocrx_word' id='word_1_220' title='bbox 1008 1852 1300 1893; x_wconf 84' lang='lat' dir='ltr'>hemistichium</span> <span class='ocrx_word' id='word_1_221' title='bbox 1333 1852 1528 1900; x_wconf 80' lang='lat' dir='ltr'>afferunt,</span> <span class='ocrx_word' id='word_1_222' title='bbox 1560 1863 1660 1903; x_wconf 78' lang='lat' dir='ltr'>quos</span> 
     </span>
     <span class='ocr_line' id='line_1_26' title="bbox 118 1922 1658 1979; baseline -0.003 -13"><span class='ocrx_word' id='word_1_223' title='bbox 118 1926 277 1966; x_wconf 86' lang='lat' dir='ltr'>laudavi</span> <span class='ocrx_word' id='word_1_224' title='bbox 309 1927 348 1966; x_wconf 93' lang='lat' dir='ltr'>in</span> <span class='ocrx_word' id='word_1_225' title='bbox 379 1927 684 1979; x_wconf 82' lang='lat' dir='ltr'>Prolegomenis</span> <span class='ocrx_word' id='word_1_226' title='bbox 714 1926 828 1978; x_wconf 74' lang='lat' dir='ltr'>p.19.</span> <span class='ocrx_word' id='word_1_227' title='bbox 887 1926 1031 1967; x_wconf 86' lang='lat' dir='ltr'>Suidas</span> <span class='ocrx_word' id='word_1_228' title='bbox 1066 1927 1106 1965; x_wconf 93' lang='lat' dir='ltr'>in</span> <span class='ocrx_word' id='word_1_229' title='bbox 1137 1938 1173 1968; x_wconf 77' lang='lat' dir='ltr'>v,</span> <span class='ocrx_word' id='word_1_230' title='bbox 1199 1922 1372 1976; x_wconf 75' lang='grc' dir='ltr'>Ἑκάλη,</span> <span class='ocrx_word' id='word_1_231' title='bbox 1411 1924 1531 1963; x_wconf 88' lang='lat' dir='ltr'>etiam</span> <span class='ocrx_word' id='word_1_232' title='bbox 1563 1923 1658 1962; x_wconf 91' lang='lat' dir='ltr'>Lei-</span> 
     </span>
     <span class='ocr_line' id='line_1_27' title="bbox 121 1993 1662 2053; baseline -0.003 -15"><span class='ocrx_word' id='word_1_233' title='bbox 121 1998 287 2053; x_wconf 80' lang='lat' dir='ltr'>densis‚</span> <span class='ocrx_word' id='word_1_234' title='bbox 324 2004 362 2038; x_wconf 87' lang='lat' dir='ltr'>et</span> <span class='ocrx_word' id='word_1_235' title='bbox 405 1999 646 2048; x_wconf 79' lang='lat' dir='ltr'>Gaisfordii‚</span> <span class='ocrx_word' id='word_1_236' title='bbox 679 2003 820 2051; x_wconf 76' lang='grc' dir='ltr'>τεῖχος</span> <span class='ocrx_word' id='word_1_237' title='bbox 849 1998 994 2048; x_wconf 86' lang='lat' dir='ltr'>habet,</span> <span class='ocrx_word' id='word_1_238' title='bbox 1025 1999 1103 2038; x_wconf 89' lang='lat' dir='ltr'>sic:</span> <span class='ocrx_word' id='word_1_239' title='bbox 1135 1996 1207 2050; x_wconf 80' lang='grc' dir='ltr'>ἔχε</span> <span class='ocrx_word' id='word_1_240' title='bbox 1236 1998 1314 2050; x_wconf 74' lang='grc' dir='ltr'>γὰρ</span> <span class='ocrx_word' id='word_1_241' title='bbox 1347 2000 1486 2048; x_wconf 74' lang='grc' dir='ltr'>τεῖχος</span> <span class='ocrx_word' id='word_1_242' title='bbox 1513 1993 1662 2047; x_wconf 69' lang='grc' dir='ltr'>οἷκλήϊ-</span> 
     </span>
     <span class='ocr_line' id='line_1_28' title="bbox 119 2067 1657 2124; baseline -0.003 -14"><span class='ocrx_word' id='word_1_243' title='bbox 119 2085 230 2110; x_wconf 80' lang='grc' dir='ltr'>στον.</span> <span class='ocrx_word' id='word_1_244' title='bbox 289 2071 430 2124; x_wconf 85' lang='lat' dir='ltr'>Eclog.</span> <span class='ocrx_word' id='word_1_245' title='bbox 467 2071 645 2111; x_wconf 84' lang='lat' dir='ltr'>Crameri</span> <span class='ocrx_word' id='word_1_246' title='bbox 685 2068 785 2123; x_wconf 77' lang='grc' dir='ltr'>ἔσχε</span> <span class='ocrx_word' id='word_1_247' title='bbox 825 2068 905 2122; x_wconf 73' lang='grc' dir='ltr'>γάρ</span> <span class='ocrx_word' id='word_1_248' title='bbox 947 2072 1062 2123; x_wconf 83' lang='grc' dir='ltr'>τέγος</span> <span class='ocrx_word' id='word_1_249' title='bbox 1105 2070 1200 2110; x_wconf 56' lang='lat' dir='ltr'>dna.</span> <span class='ocrx_word' id='word_1_250' title='bbox 1261 2075 1301 2109; x_wconf 91' lang='lat' dir='ltr'>at</span> <span class='ocrx_word' id='word_1_251' title='bbox 1343 2067 1512 2120; x_wconf 72' lang='lat' dir='ltr'>Etymol.</span> <span class='ocrx_word' id='word_1_252' title='bbox 1557 2067 1657 2108; x_wconf 88' lang='lat' dir='ltr'>Gud.</span> 
     </span>
     <span class='ocr_line' id='line_1_29' title="bbox 119 2138 1657 2196; baseline -0.003 -14"><span class='ocrx_word' id='word_1_253' title='bbox 119 2141 278 2195; x_wconf 84' lang='grc' dir='ltr'>στέγος.</span> <span class='ocrx_word' id='word_1_254' title='bbox 337 2144 386 2183; x_wconf 88' lang='lat' dir='ltr'>Et</span> <span class='ocrx_word' id='word_1_255' title='bbox 425 2144 698 2196; x_wconf 87' lang='lat' dir='ltr'>praetulerunt</span> <span class='ocrx_word' id='word_1_256' title='bbox 741 2144 885 2195; x_wconf 79' lang='grc' dir='ltr'>στέγος</span> <span class='ocrx_word' id='word_1_257' title='bbox 930 2143 1124 2183; x_wconf 86' lang='lat' dir='ltr'>Kusterus</span> <span class='ocrx_word' id='word_1_258' title='bbox 1167 2143 1216 2182; x_wconf 87' lang='lat' dir='ltr'>ad</span> <span class='ocrx_word' id='word_1_259' title='bbox 1259 2141 1368 2183; x_wconf 90' lang='lat' dir='ltr'>Suid.</span> <span class='ocrx_word' id='word_1_260' title='bbox 1411 2154 1448 2179; x_wconf 84' lang='lat' dir='ltr'>v.</span> <span class='ocrx_word' id='word_1_261' title='bbox 1483 2138 1657 2192; x_wconf 70' lang='grc' dir='ltr'>“Εκάλη,</span> 
     </span>
     <span class='ocr_line' id='line_1_30' title="bbox 121 2211 1656 2268; baseline -0.002 -15"><span class='ocrx_word' id='word_1_262' title='bbox 121 2213 386 2256; x_wconf 86' lang='lat' dir='ltr'>Ruhnkenius</span> <span class='ocrx_word' id='word_1_263' title='bbox 415 2216 541 2268; x_wconf 85' lang='lat' dir='ltr'>Epist.</span> <span class='ocrx_word' id='word_1_264' title='bbox 575 2217 662 2256; x_wconf 86' lang='lat' dir='ltr'>crit.</span> <span class='ocrx_word' id='word_1_265' title='bbox 697 2215 743 2255; x_wconf 91' lang='lat'>11.</span> <span class='ocrx_word' id='word_1_266' title='bbox 776 2227 813 2267; x_wconf 91' lang='lat' dir='ltr'>p.</span> <span class='ocrx_word' id='word_1_267' title='bbox 850 2214 939 2254; x_wconf 69' lang='lat'>179.</span> <span class='ocrx_word' id='word_1_268' title='bbox 980 2214 1046 2254; x_wconf 90' lang='lat' dir='ltr'>ubi</span> <span class='ocrx_word' id='word_1_269' title='bbox 1081 2214 1323 2254; x_wconf 83' lang='lat' dir='ltr'>Callimacho</span> <span class='ocrx_word' id='word_1_270' title='bbox 1357 2213 1539 2253; x_wconf 77' lang='lat' dir='ltr'>Nomium</span> <span class='ocrx_word' id='word_1_271' title='bbox 1568 2211 1656 2252; x_wconf 89' lang='lat' dir='ltr'>XX.</span> 
     </span>
     <span class='ocr_line' id='line_1_31' title="bbox 122 2283 1657 2341; baseline -0.003 -14"><span class='ocrx_word' id='word_1_272' title='bbox 122 2286 215 2327; x_wconf 71' lang='lat'>282.</span> <span class='ocrx_word' id='word_1_273' title='bbox 245 2288 305 2334; x_wconf 76' lang='grc' dir='ltr'>εἰς</span> <span class='ocrx_word' id='word_1_274' title='bbox 335 2287 466 2337; x_wconf 80' lang='grc' dir='ltr'>δόμον</span> <span class='ocrx_word' id='word_1_275' title='bbox 498 2287 721 2341; x_wconf 79' lang='grc' dir='ltr'>α’κλήϊστον</span> <span class='ocrx_word' id='word_1_276' title='bbox 752 2283 1035 2338; x_wconf 69' lang='grc' dir='ltr'>ἑτοιμοτάτοιο</span> <span class='ocrx_word' id='word_1_277' title='bbox 1063 2284 1344 2338; x_wconf 76' lang='grc' dir='ltr'>Λυκούργου,</span> <span class='ocrx_word' id='word_1_278' title='bbox 1377 2285 1588 2333; x_wconf 78' lang='lat' dir='ltr'>admovet3</span> <span class='ocrx_word' id='word_1_279' title='bbox 1618 2288 1657 2322; x_wconf 89' lang='lat' dir='ltr'>et</span> 
     </span>
     <span class='ocr_line' id='line_1_32' title="bbox 123 2357 1657 2412; baseline -0.002 -15"><span class='ocrx_word' id='word_1_280' title='bbox 123 2370 251 2410; x_wconf 83' lang='lat' dir='ltr'>nuper</span> <span class='ocrx_word' id='word_1_281' title='bbox 282 2358 585 2399; x_wconf 82' lang='lat' dir='ltr'>Boissonadius.</span> <span class='ocrx_word' id='word_1_282' title='bbox 644 2359 708 2399; x_wconf 93' lang='lat' dir='ltr'>Ad</span> <span class='ocrx_word' id='word_1_283' title='bbox 751 2359 1085 2412; x_wconf 83' lang='lat' dir='ltr'>significationem</span> <span class='ocrx_word' id='word_1_284' title='bbox 1123 2359 1217 2399; x_wconf 88' lang='lat' dir='ltr'>nihil</span> <span class='ocrx_word' id='word_1_285' title='bbox 1251 2361 1428 2399; x_wconf 88' lang='lat' dir='ltr'>interest.</span> <span class='ocrx_word' id='word_1_286' title='bbox 1489 2357 1563 2395; x_wconf 83' lang='lat' dir='ltr'>Par</span> <span class='ocrx_word' id='word_1_287' title='bbox 1596 2359 1657 2395; x_wconf 88' lang='lat' dir='ltr'>est</span> 
     </span>
     <span class='ocr_line' id='line_1_33' title="bbox 121 2430 1656 2483; baseline -0.001 -14"><span class='ocrx_word' id='word_1_288' title='bbox 121 2430 161 2469; x_wconf 95' lang='lat' dir='ltr'>in</span> <span class='ocrx_word' id='word_1_289' title='bbox 189 2435 387 2481; x_wconf 85' lang='lat' dir='ltr'>utroque,</span> <span class='ocrx_word' id='word_1_290' title='bbox 418 2433 562 2482; x_wconf 76' lang='grc' dir='ltr'>στέγος</span> <span class='ocrx_word' id='word_1_291' title='bbox 593 2436 631 2471; x_wconf 83' lang='grc'>01</span> <span class='ocrx_word' id='word_1_292' title='bbox 661 2434 802 2483; x_wconf 78' lang='grc' dir='ltr'>τέγος,</span> <span class='ocrx_word' id='word_1_293' title='bbox 843 2431 1054 2471; x_wconf 76' lang='lat' dir='ltr'>insolentia</span> <span class='ocrx_word' id='word_1_294' title='bbox 1090 2432 1139 2469; x_wconf 86' lang='grc'>31)</span> <span class='ocrx_word' id='word_1_295' title='bbox 1174 2442 1244 2480; x_wconf 81' lang='lat' dir='ltr'>eo,</span> <span class='ocrx_word' id='word_1_296' title='bbox 1280 2430 1386 2482; x_wconf 83' lang='lat' dir='ltr'>quod</span> <span class='ocrx_word' id='word_1_297' title='bbox 1427 2430 1566 2469; x_wconf 74' lang='lat' dir='ltr'>domus</span> <span class='ocrx_word' id='word_1_298' title='bbox 1595 2431 1656 2469; x_wconf 90' lang='lat' dir='ltr'>si-</span> 
     </span>
     <span class='ocr_line' id='line_1_34' title="bbox 123 2501 1656 2554; baseline -0.002 -13"><span class='ocrx_word' id='word_1_299' title='bbox 123 2502 364 2554; x_wconf 80' lang='lat' dir='ltr'>gnificatur,</span> <span class='ocrx_word' id='word_1_300' title='bbox 395 2513 514 2554; x_wconf 84' lang='lat' dir='ltr'>quum</span> <span class='ocrx_word' id='word_1_301' title='bbox 549 2502 668 2554; x_wconf 75' lang='lat' dir='ltr'>vulgo</span> <span class='ocrx_word' id='word_1_302' title='bbox 699 2504 842 2554; x_wconf 80' lang='grc' dir='ltr'>τέγος,</span> <span class='ocrx_word' id='word_1_303' title='bbox 884 2503 1055 2553; x_wconf 85' lang='lat' dir='ltr'>itemque</span> <span class='ocrx_word' id='word_1_304' title='bbox 1095 2504 1258 2553; x_wconf 79' lang='grc' dir='ltr'>στέγος,</span> <span class='ocrx_word' id='word_1_305' title='bbox 1305 2505 1447 2540; x_wconf 74' lang='lat' dir='ltr'>tectum</span> <span class='ocrx_word' id='word_1_306' title='bbox 1482 2501 1656 2551; x_wconf 80' lang='lat' dir='ltr'>proprie,</span> 
     </span>
     <span class='ocr_line' id='line_1_35' title="bbox 117 2573 1653 2626; baseline 0.001 -14"><span class='ocrx_word' id='word_1_307' title='bbox 117 2573 179 2612; x_wconf 91' lang='lat' dir='ltr'>vel</span> <span class='ocrx_word' id='word_1_308' title='bbox 211 2578 361 2624; x_wconf 80' lang='lat' dir='ltr'>partem</span> <span class='ocrx_word' id='word_1_309' title='bbox 385 2574 525 2612; x_wconf 72' lang='lat' dir='ltr'>donnus</span> <span class='ocrx_word' id='word_1_310' title='bbox 545 2574 794 2624; x_wconf 85' lang='lat' dir='ltr'>superiorem</span> <span class='ocrx_word' id='word_1_311' title='bbox 820 2574 1032 2626; x_wconf 84' lang='lat' dir='ltr'>significet.</span> <span class='ocrx_word' id='word_1_312' title='bbox 1090 2575 1155 2614; x_wconf 83' lang='lat' dir='ltr'>Sic</span> <span class='ocrx_word' id='word_1_313' title='bbox 1176 2575 1319 2623; x_wconf 76' lang='grc' dir='ltr'>στέγος</span> <span class='ocrx_word' id='word_1_314' title='bbox 1340 2578 1479 2612; x_wconf 84' lang='lat' dir='ltr'>noster</span> <span class='ocrx_word' id='word_1_315' title='bbox 1498 2573 1653 2626; x_wconf 84' lang='lat' dir='ltr'>Fragm.</span> 
     </span>
     <span class='ocr_line' id='line_1_36' title="bbox 118 2641 1652 2696; baseline 0.001 -13"><span class='ocrx_word' id='word_1_316' title='bbox 118 2644 272 2683; x_wconf 85' lang='lat' dir='ltr'><strong>CXXII.</strong></span> <span class='ocrx_word' id='word_1_317' title='bbox 306 2647 421 2694; x_wconf 80' lang='grc' dir='ltr'>τέγος</span> <span class='ocrx_word' id='word_1_318' title='bbox 451 2643 487 2683; x_wconf 91' lang='lat' dir='ltr'>h.</span> <span class='ocrx_word' id='word_1_319' title='bbox 524 2644 562 2682; x_wconf 90' lang='lat' dir='ltr'>in</span> <span class='ocrx_word' id='word_1_320' title='bbox 594 2643 682 2683; x_wconf 83' lang='lat' dir='ltr'>Cer.</span> <span class='ocrx_word' id='word_1_321' title='bbox 708 2641 745 2683; x_wconf 74' lang='lat'>4.</span> <span class='ocrx_word' id='word_1_322' title='bbox 786 2644 940 2696; x_wconf 87' lang='lat' dir='ltr'>Fragm.</span> <span class='ocrx_word' id='word_1_323' title='bbox 968 2643 1086 2683; x_wconf 87' lang='lat' dir='ltr'>LXX.</span> <span class='ocrx_word' id='word_1_324' title='bbox 1117 2645 1154 2683; x_wconf 75' lang='lat'>3.</span> <span class='ocrx_word' id='word_1_325' title='bbox 1214 2644 1364 2695; x_wconf 81' lang='lat' dir='ltr'>Estque</span> <span class='ocrx_word' id='word_1_326' title='bbox 1394 2643 1429 2683; x_wconf 90' lang='lat' dir='ltr'>is</span> <span class='ocrx_word' id='word_1_327' title='bbox 1462 2649 1652 2684; x_wconf 86' lang='lat' dir='ltr'>constans</span> 
     </span>
     <span class='ocr_line' id='line_1_37' title="bbox 117 2714 1653 2768; baseline 0.002 -15"><span class='ocrx_word' id='word_1_328' title='bbox 117 2719 325 2766; x_wconf 88' lang='lat' dir='ltr'>poetarum</span> <span class='ocrx_word' id='word_1_329' title='bbox 359 2714 602 2755; x_wconf 83' lang='lat' dir='ltr'>Callimacho</span> <span class='ocrx_word' id='word_1_330' title='bbox 637 2715 905 2767; x_wconf 85' lang='lat' dir='ltr'>posteriorum</span> <span class='ocrx_word' id='word_1_331' title='bbox 937 2725 1048 2764; x_wconf 80' lang='lat' dir='ltr'>usus,</span> <span class='ocrx_word' id='word_1_332' title='bbox 1079 2714 1282 2765; x_wconf 89' lang='lat' dir='ltr'>Apollonii</span> <span class='ocrx_word' id='word_1_333' title='bbox 1311 2715 1357 2755; x_wconf 90' lang='lat' dir='ltr'>ll.</span> <span class='ocrx_word' id='word_1_334' title='bbox 1393 2714 1510 2756; x_wconf 61' lang='lat'>1036.</span> <span class='ocrx_word' id='word_1_335' title='bbox 1570 2716 1653 2768; x_wconf 85' lang='lat' dir='ltr'>Cy-</span> 
     </span>
     <span class='ocr_line' id='line_1_38' title="bbox 117 2786 1650 2840; baseline 0.001 -15"><span class='ocrx_word' id='word_1_336' title='bbox 117 2786 393 2839; x_wconf 83' lang='lat' dir='ltr'>negeticoruin</span> <span class='ocrx_word' id='word_1_337' title='bbox 427 2787 635 2839; x_wconf 88' lang='lat' dir='ltr'>scriptoris</span> <span class='ocrx_word' id='word_1_338' title='bbox 668 2786 731 2826; x_wconf 90' lang='lat' dir='ltr'>III.</span> <span class='ocrx_word' id='word_1_339' title='bbox 773 2787 865 2827; x_wconf 90' lang='grc'>120.</span> <span class='ocrx_word' id='word_1_340' title='bbox 909 2787 1040 2831; x_wconf 90' lang='lat' dir='ltr'>Nonni</span> <span class='ocrx_word' id='word_1_341' title='bbox 1070 2786 1229 2826; x_wconf 84' lang='lat' dir='ltr'>XXXV.</span> <span class='ocrx_word' id='word_1_342' title='bbox 1261 2789 1325 2828; x_wconf 90' lang='grc'>12.</span> <span class='ocrx_word' id='word_1_343' title='bbox 1355 2788 1420 2828; x_wconf 78' lang='grc'>95.</span> <span class='ocrx_word' id='word_1_344' title='bbox 1451 2787 1650 2840; x_wconf 71' lang='lat' dir='ltr'>&#39;l&#39;rypliio-</span> 
     </span>
    </p>
   </div>
  </div>
 </body>
</html>
