1856 3126
741 128 1016 165 ..92-

122 239 210 286 αἷτα
242 239 340 299 ἄρτι
373 241 514 292 ἴουλος
543 245 746 298 καθέρπει
774 242 877 297 apud
906 242 1212 295 Xenophontem
1241 242 1426 295 Sympos.
1455 253 1491 280 c.
1512 241 1554 289 4,
1572 240 1638 280 23.

123 314 268 355 deinde
298 314 364 353 alii
393 313 574 354 modeste
605 326 654 354 ac
686 320 852 355 venuste
885 314 1028 354 dictum
1059 313 1225 366 στείχει,
1257 316 1399 367 ἕρπει,
1430 314 1642 366 ἐπέτρεχε,

122 389 319 426 auxerunt
349 386 389 425 in
419 385 602 428 nimium:
634 388 764 429 Strato
793 387 928 440 Epigr.
958 385 1024 425 IX.
1052 386 1086 424 1.
1120 384 1260 434 [Anth.
1284 386 1362 427 Pal.
1385 386 1430 427 ΙΙ.
1461 398 1499 438 p.
1521 382 1641 433 452.)

121 457 177 498 Εἰ
202 454 279 496 καί
301 471 366 497 σοι
390 455 663 512 τριχόφοιτος
682 459 973 511 εἠεσκίρτησεν
1002 454 1140 504 ἴουλος
1169 462 1246 496 etc.
1278 458 1329 502 cf,
1350 458 1475 498 Rufin.
1497 457 1640 497 XXXl.

119 530 159 568 ὃ.
192 527 330 578 (Anth.
362 527 488 568 Pa1.1.
519 541 555 580 p.
584 530 697 581 111.)
753 529 882 570 Video
915 541 1019 569 nunc
1049 529 1166 568 etiam
1190 528 1295 569 aliud
1325 543 1412 570 eum
1431 529 1634 582 Aeschylo

124 613 335 642 commune
370 613 460 641 esse
494 601 747 643 Callimacho.
805 602 1057 655 Aeschylus:
1089 603 1247 653 στείχει
1276 602 1315 642 d'
1342 599 1483 651 ἴουλος
1517 597 1608 653 ἄρτι
1631 630 1643 650 ,

123 678 166 714 ut
196 673 298 727 apud
330 673 608 716 Callimachum
641 672 784 728 ἁρμοῖ.
842 673 885 714 ln
917 674 1058 714 eadem
1096 686 1141 714 re
1173 667 1269 727 ἄρτι
1302 673 1449 714 Callim.
1480 673 1576 714 Lav.
1604 673 1644 713 P.

126 747 194 788 75.
231 746 430 788 Theocrit.
460 747 528 788 XI.
561 748 598 788 9.
638 748 735 790 Stat.
767 748 934 788 Flaccus
962 747 1096 801 Epigr.
1127 747 1156 788 Ι.
1188 751 1228 787 et
1255 746 1375 787 Anth.
1415 746 1495 787 Pal.
1523 746 1564 786 T.
1597 746 1644 786 ll.

125 819 308 873 Append.
339 830 377 872 p.
408 818 501 859 799.
536 831 639 859 num.
673 820 763 860 125.
791 831 828 871 p.
857 819 954 859 842.
984 831 1089 859 num.
1122 817 1214 857 268.
1246 817 1336 856 νέον
1368 816 1497 868 Apoll.
1516 816 1644 856 Rhod.

127 894 174 934 ll.
207 893 301 934 779.
360 892 432 932 Vel
461 893 553 933 νέον
582 892 746 944 ἴουλον,
768 892 886 933 Anth.
916 892 994 932 Pal.
1027 891 1067 932 T.
1099 891 1166 931 ΙΙΙ.
1196 903 1232 942 p.
1251 890 1345 929 967.
1374 902 1410 929 n.
1431 889 1525 929 306.
1557 890 1646 929 νέον

127 967 173 1007 δέ
194 963 230 1006 οὶ
261 960 390 1012 ἄνθος
418 964 568 1006 ἰοὺλων
597 990 648 997 —
680 966 843 1006 Nounus
859 964 922 1004 Vl.
946 964 1034 1006 180.
1091 964 1302 1003 Praeterea
1332 973 1412 1002 non
1433 962 1648 1015 negligen-

128 1040 200 1080 dus
221 1039 398 1079 Zonaras
431 1043 505 1088 est,
535 1051 571 1091 p.
591 1039 684 1078 310.
712 1036 978 1091 Ἀρμιοῖπου.
1010 1037 1178 1089 α’ρτίως.
1209 1035 1365 1075 νεωστί.
1395 1030 1504 1075 οὕτω
1523 1037 1648 1075 Καλ-

127 1113 320 1162 λιζιιαχος.
381 1110 439 1149 Cf.
469 1121 570 1162 quae
599 1109 753 1149 BastIus
783 1108 831 1148 ad
857 1108 976 1160 Grcg.
1007 1107 1047 1147 C.
1077 1119 1113 1159 p.
1146 1105 1239 1146 368.
1270 1117 1435 1157 prorsus
1464 1117 1550 1145 cum
1567 1107 1648 1146 Zo-

127 1195 225 1223 nara
259 1182 470 1223 Tittmanni
495 1183 758 1236 congruentia
789 1193 840 1220 cx
866 1180 1014 1220 Lexico
1042 1179 1120 1220 MS.
1151 1179 1248 1219 Bibl.
1277 1178 1375 1232 Reg.
1404 1190 1508 1218 num.
1527 1177 1648 1220 2667.

127 1257 309 1309 profert,
348 1260 460 1296 recte
490 1253 556 1294 ille
598 1266 648 1293 ex
685 1252 918 1306 fragmentis
959 1250 1188 1291 Callimachi
1238 1262 1496 1303 expungens,
1541 1250 1648 1304 quod

129 1329 248 1382 vulgo
278 1333 340 1369 est
366 1328 522 1380 Fragm.
553 1325 775 1381 CCCCLJH.
835 1324 877 1364 In
918 1324 1059 1364 codice
1098 1324 1280 1363 Zonarae
1309 1322 1530 1363 Dresdensi
1550 1323 1650 1377 Ἥρ-

127 1401 283 1452 μοίπου
312 1400 476 1454 legitur:
507 1399 715 1439 Tittmann.
746 1395 969 1449 Prolegom.
1001 1408 1038 1448 p.
1059 1393 1178 1434 XVII.
1238 1392 1370 1447 ἁρμοῖ
1393 1394 1534 1433 iterum
1555 1393 1649 1434 Cal..

129 1474 322 1514 limachus
352 1474 509 1527 Fragm.
542 1470 730 1510 CCXXX.
763 1470 981 1519 incertum,
1021 1471 1148 1507 utrum
1192 1478 1243 1505 cx
1287 1464 1486 1517 dialecto,
1517 1478 1568 1506 an
1598 1478 1649 1506 ex

128 1546 358 1600 Aeschylo:
388 1558 478 1586 nam
510 1544 788 1596 undecumque
817 1542 1031 1595 locupletat
1062 1551 1288 1582 sermonem
1319 1551 1431 1580 suum
1461 1539 1650 1579 Callima-

129 1618 239 1659 chus,
300 1618 357 1658 Cf.
393 1617 561 1658 Casaub.
593 1617 718 1657 Lectt.
748 1616 916 1655 Theocr.
947 1615 988 1655 C.
1019 1614 1082 1654 Vl.
1112 1627 1149 1666 p.
1179 1614 1246 1653 81.
1276 1611 1339 1652 ed.
1371 1610 1505 1651 Reisk.
1561 1610 1646 1650 He-

133 1690 245 1743 sych.
273 1703 314 1730 v.
338 1687 497 1743 Ἆρμοῖ
520 1690 653 1743 ibique
680 1690 803 1742 Intpp.
837 1687 1073 1728 Valckenar.
1106 1686 1229 1739 Epist.
1260 1684 1309 1725 ad
1336 1685 1385 1724 M.
1404 1684 1644 1736 Roeverum‚
1714 1711 1715 1715 ,

130 1762 333 1817 Opuse.1.
373 1775 410 1815 p.
443 1763 537 1803 365.
607 1761 825 1802 Blomlield.
859 1761 916 1802 Gl.
947 1759 1094 1801 Aesch.
1136 1759 1264 1799 Prom.
1306 1756 1401 1798 636.
1469 1756 1643 1797 Cramer.

128 1836 283 1877 Anecd.
317 1836 382 1877 Gr.
411 1834 439 1879 Ι,
470 1847 507 1887 p.
542 1833 631 1884 163,
664 1835 724 1874 15.
781 1833 842 1873 De
870 1830 1043 1889 κάκείνῳ
1075 1844 1176 1885 quae
1208 1833 1416 1871 moveatur
1447 1829 1642 1882 quaestio,

129 1920 200 1948 eur
236 1907 295 1947 sic
327 1918 415 1946 cum
446 1907 550 1946 crasi
578 1910 698 1958 pocta
743 1904 951 1955 maluerit,
993 1916 1110 1955 quam
1151 1903 1255 1956 quod
1294 1915 1317 1943 a
1355 1906 1474 1955 poeta
1513 1899 1644 1948 Ἰάδος

127 1984 306 2021 amatore
335 1991 419 2019 non
448 1977 660 2019 immodico
680 2008 690 2027 ‚
721 1976 792 2016 sed
829 1980 962 2015 tamen
992 1978 1196 2026 amatore,
1235 1975 1374 2027 aliquis
1420 1976 1641 2025 exspectet,

127 2059 211 2095 tota
242 2065 293 2094 ex
324 2052 491 2092 artifieio
523 2049 752 2091 Callimachi
790 2050 954 2089 metrico
992 2047 1247 2088 diiudicanda
1286 2050 1358 2086 est.
1426 2045 1640 2096 Utrumque

128 2125 324 2178 reperitur
354 2124 455 2177 apud
483 2123 784 2173 Callimachum,
822 2134 929 2162 nunc
970 2125 1128 2172 κεῖνος,
1158 2132 1263 2161 nunc
1304 2118 1479 2170 ἐκεῖνος,
1510 2117 1640 2170 prouti

129 2198 392 2239 commoditas
426 2197 598 2249 postulat
629 2196 756 2236 metri.
816 2195 925 2243 Quae
959 2195 1012 2234 ita
1050 2196 1277 2246 comparata
1316 2190 1494 2243 exempla
1535 2195 1639 2242 sunt,

125 2277 168 2312 ut
194 2283 266 2324 per
294 2274 459 2310 metrum
491 2273 697 2320 utrumque
730 2267 880 2308 admitti
917 2266 1096 2319 potuisse
1124 2265 1330 2314 videatur,
1359 2264 1399 2303 in
1428 2264 1476 2304 ils
1509 2268 1638 2303 tamen

124 2345 210 2384 sere
238 2343 447 2393 omnibus,
477 2354 547 2381 cur
575 2342 654 2380 hoc
685 2340 872 2393 scriptum
902 2339 978 2390 sit,
1010 2350 1092 2378 non
1124 2337 1245 2388 illud,
1271 2336 1391 2377 docet
1421 2336 1639 2376 subtilioris

124 2418 226 2470 legis
255 2415 446 2456 metricae
477 2415 718 2454 observatio.
791 2414 855 2454 Sic
901 2417 1050 2453 certum
1093 2415 1153 2451 est
1194 2408 1298 2461 ἐξέτι
1338 2412 1473 2450 κείνου
1515 2410 1555 2449 in
1599 2410 1638 2450 h.

125 2490 253 2541 Apoll.
283 2491 350 2530 47.
377 2489 415 2528 h.
441 2487 527 2528 Del.
558 2488 649 2527 975.
687 2491 802 2539 atque
835 2486 926 2525 hinc
959 2484 1060 2537 apud
1087 2482 1339 2536 Apollonium
1371 2482 1416 2522 ΙΙ.
1447 2483 1541 2523 782.
1574 2481 1638 2522 lv.

127 2563 218 2602 250.
248 2562 341 2602 430.
371 2565 410 2600 et
433 2561 614 2600 Nonnum
644 2558 727 2598 ΧΠ.
755 2557 849 2598 361.
909 2557 1024 2605 Quod
1055 2558 1156 2596 enim
1184 2553 1238 2596 ἔτ’
1268 2559 1308 2595 et
1335 2554 1409 2595 οὐκ
1439 2552 1492 2596 ἔτ’
1520 2554 1640 2594 elidi-

127 2639 213 2683 tur,
242 2638 318 2672 tum
350 2633 434 2672 aliis
465 2636 544 2671 tum
574 2629 827 2679 Callimacho,
856 2629 949 2670 inde
979 2641 1059 2669 non
1091 2629 1269 2682 sequitur
1289 2627 1468 2668 eiusdem
1499 2627 1636 2666 elisio-

124 2718 214 2745 nem
243 2705 398 2744 litterae
431 2706 469 2744 in
501 2705 617 2754 ὲξέτι,
644 2703 782 2754 εἰσέτι,
813 2702 1008 2754 placuisse
1032 2700 1285 2740 Callimacho.
1344 2699 1386 2739 In
1406 2699 1443 2738 h.
1464 2698 1547 2738 Del.
1568 2697 1635 2738 91.

123 2775 211 2815 ἀλλ’
241 2771 301 2814 ἔτι
329 2780 436 2814 κεῖνο
466 2775 600 2814 maluit
628 2786 741 2826 quam
774 2773 865 2812 dm:
893 2769 944 2812 ἔτ’
977 2769 1119 2823 ε’κεῖιό,
1151 2772 1322 2812 sortasse
1351 2783 1401 2810 ne
1429 2770 1530 2809 duae
1562 2783 1637 2810 ae-

120 2848 410 2888 cumularentur
441 2846 643 2887 elisiones.
704 2847 827 2887 Unam
860 2846 1065 2887 elisionem
1107 2857 1184 2886 non
1227 2844 1379 2898 defugit
1408 2844 1502 2885 ibid.
1537 2844 1632 2888 295.
