1856 3126
806 132 1107 168 -192—

173 250 252 289 hoc
284 247 503 288 scholiasta
537 248 773 298 communis,
807 251 916 286 certe
946 258 996 285 cx
1037 249 1161 298 parte,
1191 245 1431 285 scholiastae
1465 245 1623 287 Pindari
1655 247 1710 298 ei,

175 322 286 361 cuius
317 321 356 359 in
380 318 601 359 Ὑποθέσει
632 319 835 368 Ἰσθμίων
882 318 1005 357 verba
1047 322 1154 357 sunt:
1204 316 1274 357 ὲπί
1304 317 1440 357 Σίνιδι
1481 318 1537 373 τῷ
1577 321 1704 371 Προ-

172 390 372 446 κρούστῃ.
404 391 555 430 Rursus
573 390 773 441 Intcrpres
793 389 915 429 Ibidis
943 389 1060 428 Ovid.
1095 392 1209 428 vetus
1248 389 1297 428 ad
1329 401 1367 428 v.
1395 388 1490 428 409.
1528 389 1704 441 Polype-

170 474 324 502 mouem
351 474 432 502 non
460 462 586 502 solum
601 461 764 511 SinidiS,
797 461 869 501 scd
884 461 1236 511 Sinidis,Scironis
1261 461 1531 501 etProcrustis
1548 467 1701 514 patrem

171 534 288 573 facit:
315 533 423 573 Sinis
455 533 653 573 etSctron
683 537 720 572 et
732 533 972 572 Procrustes
994 532 1271 584 Polypemonis
1298 532 1384 584 filii,
1418 545 1446 573 a
1469 533 1618 573 Theseo
1647 534 1703 573 ad

171 605 386 656 Ceplce‘sum
411 604 578 656 fluvium
611 617 699 644 cum
724 609 845 656 patre
878 605 1003 644 occisa·
1032 609 1136 644 suut.
1169 616 1220 644 ex
1251 606 1342 644 loco
1369 605 1518 655 Ovidii,
1550 605 1589 643 in
1619 616 1698 656 quo

168 677 255 716 uati
283 678 486 729 scriptum,
518 681 559 717 ut
587 677 660 717 fuit
689 678 730 716 in
763 676 947 717 Mediceo
965 676 1192 726 Burmanni,
1221 681 1311 716 ante
1341 676 1482 716 oculos
1513 676 1701 727 habebat,

169 750 247 789 sic:
282 748 331 788 Ut
355 749 478 799 Sinis,
510 753 548 787 et
592 747 751 799 Sciron,
794 752 832 787 et
870 761 958 787 cum
1001 748 1264 800 Polypemone
1300 748 1396 788 uati.
1458 748 1511 788 At
1553 746 1698 786 Ovidio

167 822 243 873 ipsi
273 833 352 860 non
381 821 485 861 male
516 821 705 860 convenit
736 833 825 860 cum
856 821 1061 861 Pausania.
1118 821 1211 862 Sive
1242 820 1345 859 enim
1375 824 1413 859 et
1461 831 1550 859 cum
1580 818 1699 870 Poly-

162 905 334 944 pemoue
363 898 499 941 uatus,
530 894 616 932 sivc
645 893 774 946 legas,
806 893 912 944 quod
944 904 1022 944 ego
1054 893 1308 944 praetulerim
1341 904 1428 931 cum
1459 891 1560 941 aliis,
1592 889 1700 929 etde

168 965 432 1017 Polypemone
459 970 594 1016 natus,
631 970 781 1004 certum
811 965 969 1003 videtur
987 963 1231 1003 Procrusten
1261 962 1560 1015 intelligendum
1591 973 1698 1002 esse.

167 1037 303 1088 ltaque
333 1050 448 1088 quem
479 1038 694 1076 Pausanias
726 1037 851 1088 ipsum
880 1034 1164 1086 Polypemone,
1206 1047 1294 1073 eum
1324 1020 1506 1073 Ovidius
1525 1033 1699 1084 Polype-

165 1109 295 1147 monis
327 1109 469 1148 lilium:
514 1120 595 1147 non
639 1120 784 1160 magna
822 1108 1059 1147 differentia.
1118 1107 1281 1149 Scilicet
1324 1117 1470 1158 magna
1518 1106 1605 1155 erit,
1651 1106 1700 1155 si,

166 1180 273 1231 quod
294 1180 473 1232 Hyginus
490 1180 583 1219 Fab.
603 1179 814 1219 XXXVIII.
846 1178 979 1229 tradit,
1011 1177 1186 1229 Neptuni
1213 1178 1314 1218 filius
1343 1178 1575 1217 Procrustes
1606 1176 1699 1216 fue-

164 1251 232 1290 rit:
267 1263 402 1290 verum
435 1256 511 1290 tam
544 1251 676 1291 clarae
707 1251 874 1304 originis
906 1251 1051 1290 nullum
1080 1255 1140 1291 est
1169 1251 1272 1303 apud
1320 1250 1552 1289 Pausaniam
1592 1248 1697 1288 indi-

165 1324 284 1362 cium.
344 1323 588 1362 Procrusten
617 1325 670 1363 ibi
701 1323 925 1376 intelligere
967 1323 1164 1374 Ovidium,
1214 1323 1333 1363 etiam
1370 1325 1534 1374 propter
1561 1320 1695 1360 locum

163 1395 365 1447 geminum
397 1395 520 1447 Epist.
548 1395 640 1435 Iler.
671 1395 715 1435 II.
749 1395 814 1435 69.
847 1400 913 1435 aut
942 1399 1093 1435 certum
1125 1400 1184 1435 est
1212 1400 1278 1435 aut
1306 1395 1392 1434 veri
1419 1393 1540 1445 longe
1569 1390 1699 1432 simil-

161 1468 309 1507 limum.
369 1468 468 1507 Vide
500 1480 616 1519 quam
646 1472 834 1507 accurate
863 1467 941 1507 sibi
971 1467 1261 1519 respondeant:
1313 1466 1410 1506 Cum
1449 1464 1574 1516 fuerit
1603 1462 1696 1503 Sci-

162 1552 239 1579 ron
283 1540 419 1589 lectus,
463 1544 682 1591 torvusque
724 1539 975 1590 Procrustes,
1020 1539 1073 1578 Et
1103 1539 1224 1587 Sinis,
1270 1543 1309 1577 et
1349 1537 1458 1577 tauri
1494 1535 1699 1586 mixtaque

158 1612 295 1664 forma
332 1613 434 1651 viri:
471 1618 510 1652 et
541 1614 580 1652 in
609 1613 739 1652 Ibide:
790 1612 839 1652 Ut
864 1613 990 1664 Sinis,
1023 1618 1061 1653 et
1087 1613 1243 1662 Sciron,
1287 1612 1399 1651 etde
1430 1610 1695 1662 Polypemone

161 1688 299 1732 uatus,
333 1683 489 1734 Quique
516 1684 631 1723 homo
654 1689 775 1735 parte
803 1684 880 1735 sui,
905 1689 1026 1736 parte
1055 1685 1250 1725 iuvencus
1280 1688 1381 1724 erut.
1434 1683 1518 1723 Hos
1545 1692 1689 1722 versus

161 1756 225 1806 qui
270 1757 483 1807 excipiunt,
530 1753 624 1795 411.
669 1761 708 1795 et
759 1757 854 1796 412.
914 1756 1069 1808 Quique
1115 1757 1251 1797 trabes
1290 1768 1463 1808 pressas
1491 1755 1544 1795 ab
1570 1755 1688 1794 Immo

159 1827 337 1867 mulcebat
376 1828 418 1866 in
461 1840 617 1876 auras,
656 1828 858 1879 Aequoris
901 1829 1130 1880 adspiciens
1170 1829 1288 1868 leuius
1321 1833 1359 1868 et
1385 1828 1505 1868 huius
1544 1840 1688 1879 aquas,

158 1900 298 1939 merito
331 1901 554 1952 scrupulum
597 1901 823 1941 iniecerunt
860 1901 1074 1941 Meziriaco
1116 1914 1153 1953 p.
1196 1901 1286 1941 139.
1323 1900 1412 1941 141.
1469 1900 1686 1952 Salvagnio

160 1971 209 2010 ad
251 1971 372 2011 Ibidis
418 1985 454 2012 ν.
493 1972 588 2014 411.
633 1973 953 2024 quandoquidem
988 1985 1069 2013 non
1112 1973 1356 2025 intelligitur,
1393 1971 1594 2024 quomodo
1633 1970 1685 2010 ad

159 2049 512 2083 commemoratum
542 2050 633 2085 ante
662 2057 781 2084 versu
810 2044 903 2085 409.
937 2044 1062 2095 Sinin,
1107 2046 1314 2085 interiecta
1347 2045 1538 2095 Scironis,
1582 2045 1685 2084 Pro-

160 2116 317 2165 crustiS,
351 2117 565 2166 mentione,
597 2118 655 2155 sic
685 2118 833 2156 reverti
863 2117 1046 2157 Ovidius:
1083 2117 1238 2168 Quique
1266 2116 1402 2157 trabes
1430 2122 1506 2157 etc.
1538 2121 1684 2168 potue-

157 2189 230 2226 rit:
272 2189 537 2239 corruptionis
574 2193 718 2238 tamen,
752 2200 853 2240 quae
887 2189 1045 2241 quidem
1086 2191 1126 2230 in
1161 2190 1323 2229 nomine
1359 2189 1466 2229 Sinis
1507 2201 1542 2228 v.
1586 2188 1681 2230 409.

158 2258 387 2311 quaerenda
448 2259 567 2310 foret,
607 2261 749 2300 nullam
799 2261 1067 2313 suspicionem
1112 2268 1285 2303 movent.
1343 2263 1478 2315 Itaque
1529 2266 1596 2302 aut
1633 2262 1682 2302 ab

158 2331 287 2372 aliena
319 2344 436 2372 manu
464 2333 559 2372 illati
587 2339 678 2373 sunt
706 2346 787 2374 non
820 2335 973 2387 indigni
1002 2339 1147 2386 tamen,
1181 2335 1214 2375 si
1253 2339 1365 2375 recte
1405 2336 1550 2387 sentio,
1591 2334 1681 2375 stilo

158 2403 357 2444 Ovidiano
388 2416 529 2444 versus
561 2406 654 2464 411.
683 2411 722 2445 et
752 2407 844 2446 41⁶2.
877 2411 943 2446 aut
970 2407 1149 2457 Ovidius,
1194 2419 1310 2459 quum
1350 2408 1586 2448 incredibile
1630 2410 1681 2449 sit

157 2488 317 2516 errasse
347 2482 423 2516 tam
447 2482 540 2517 nota
576 2480 614 2517 in
643 2491 687 2518 re
719 2479 918 2530 Ovidium,
950 2484 987 2519 et
1015 2481 1155 2520 nescio
1187 2493 1301 2533 quem
1332 2481 1448 2521 alium
1480 2481 1680 2521 diversum

157 2560 179 2586 a
207 2549 343 2588 Sinide
377 2550 710 2603 Πιτυοκάμπτην
734 2553 972 2602 somniasse,
1015 2553 1092 2592 hoc
1122 2553 1198 2593 sibi
1220 2555 1396 2606 sumpsit,
1442 2553 1548 2605 quod
1591 2553 1680 2593 for-

156 2623 264 2659 tasse
295 2620 418 2660 licere
453 2622 492 2661 in
528 2624 827 2662 enumeratione
859 2625 1128 2677 exemplorum
1154 2625 1234 2676 tali,
1266 2626 1370 2678 quali
1399 2630 1556 2667 constat
1591 2625 1679 2665 sin-

155 2690 293 2740 gulare
321 2704 482 2732 carmen
513 2693 617 2742 Ibis,
644 2699 811 2746 putaret,
844 2701 886 2735 ut
924 2697 985 2736 bis
1021 2701 1189 2749 poneret
1224 2698 1349 2747 Sinin,
1389 2699 1513 2739 semel
1549 2697 1679 2737 obiter

157 2762 409 2801 coniunctum
442 2764 552 2804 brevi
589 2768 831 2806 recensione
879 2780 966 2808 cum
1008 2768 1107 2820 aliis,
1150 2775 1228 2809 tum
1271 2773 1411 2810 iterum
1451 2772 1677 2811 accuratius

157 2844 245 2873 cum
289 2833 556 2887 descriptione
603 2840 789 2891 propriae
833 2841 925 2882 huic
976 2843 1174 2883 scelerato
1206 2843 1471 2884 immanitatis.
1530 2845 1675 2887 Similis
