1856 3126
762 130 1070 170 —145—

146 251 316 287 coxerat
349 251 442 286 (mle
467 247 645 298 polenta.
705 248 818 301 Aqua
864 250 1027 289 coxisse
1069 261 1182 290 suum
1228 250 1364 291 κυκεῶ
1401 249 1600 300 Hecalen,
1642 253 1683 289 et

145 332 247 371 quae
278 319 412 359 addita
443 318 493 358 ad
523 318 762 360 frumentum
796 322 1064 372 condimenta,
1089 322 1385 374 simplicissima
1415 323 1566 374 fuisse,
1598 333 1680 362 non

145 397 206 432 est
235 390 344 444 quod
377 390 549 429 dubites.
608 391 719 432 Haec
755 394 789 433 si
819 393 1083 447 probabiliter
1117 393 1339 446 disputavi,
1368 396 1552 446 proximo
1588 394 1681 434 loco

145 468 239 503 ante
270 463 425 516 Fragm.
460 462 698 504 CLXXVIII.
731 466 855 505 inseri
886 467 1034 518 poterit
1062 465 1141 505 hoc
1172 466 1329 520 Fragm.
1348 467 1456 508 CCV.
1491 465 1563 506 καί
1588 470 1681 519 κρῖ.

142 550 248 586 μνον
274 537 479 583 κυκεῶνος
508 535 548 574 οἱ.
577 532 609 575 ἔ.
677 537 739 576 Ac
771 537 877 577 bene
910 537 1127 576 conveniet
1156 536 1246 587 his,
1293 535 1366 577 καί
1393 542 1565 591 κρῖμνον
1595 553 1684 580 nvn.

145 606 187 650 α’,
220 603 252 650 ἕ,
287 611 329 646 ut
361 611 422 646 est
457 619 478 646 a
511 607 630 647 nobis
661 613 835 660 κρῖμνον
865 607 1131 660 explicatum,
1165 621 1255 648 cum
1284 609 1383 649 illis:
1416 639 1425 648 .
1459 640 1467 649 .
1503 610 1683 662 εἰκαιήν,

142 679 217 732 τῆς
247 678 370 718 οὐδὲν
399 677 615 731 ἅπέβρασε
645 680 811 733 φαῦλον
839 678 1018 730 οἶλετρίς.

254 751 360 792 Satis
392 751 573 803 amplam,
602 756 644 791 ut
674 763 747 803 pro
780 750 1014 790 conditione
1046 750 1233 801 Hecales,
1265 761 1436 789 coenam
1468 750 1684 802 apparavi-

142 835 229 863 mus
260 823 432 865 Theseo.
496 824 674 864 Vidimus
715 835 818 876 quae
857 827 1052 863 acuerent
1092 823 1361 876 appetentiam
1405 822 1514 870 cibi,
1549 822 1683 862 titilla-

142 900 312 946 rentque
343 895 539 947 palatum,
571 895 712 936 olivas.
771 895 927 935 Herbas
958 895 1138 935 sotera.
1197 894 1377 935 Vidimus
1408 906 1524 947 quem
1549 895 1683 933 κυκεῶ

145 967 253 1018 dixi,
297 969 363 1020 qui
405 969 439 1007 si
487 969 584 1008 satis
623 969 776 1020 spissus
817 967 912 1018 fuit,
959 979 1041 1007 non
1082 968 1209 1008 solum
1251 967 1317 1007 siti
1362 965 1682 1019 exstinguendae

141 1039 338 1089 idoneus,
369 1040 442 1079 sed
472 1041 600 1080 ventri
635 1042 764 1093 κακῆς
795 1039 1020 1092 α’λκτήριον
1048 1040 1176 1089 λιμοῦ
1203 1051 1330 1091 usque
1367 1039 1417 1079 ad
1459 1041 1683 1079 satietatem

142 1111 225 1151 suit.
285 1111 548 1151 Desideratur
583 1111 719 1162 panis.
789 1109 887 1149 Eum
921 1111 1018 1162 ipsis
1053 1110 1287 1150 Callimachi
1325 1111 1461 1150 verbis
1505 1114 1683 1162 praesto,

143 1183 327 1234 telle-iter,
350 1184 388 1222 ni
421 1183 549 1234 fallor,
575 1185 613 1223 in
644 1195 764 1223 unum
793 1183 1018 1223 coniunctis
1039 1182 1289 1236 Fragmentis
1312 1183 1437 1223 tribus
1457 1182 1681 1223 CCCCLIV.

143 1255 286 1296 CLVII.
314 1256 426 1296 CXC.

364 1329 409 1368 ὲκ
443 1327 480 1366 δ’
511 1320 666 1379 ἄρτους
697 1324 906 1379 σιπὺηθεν
939 1324 1032 1373 ἅλις
1065 1326 1297 1380 κατέθηκεν
1329 1323 1497 1377 ἑλοῦσα,

367 1468 482 1517 οἵους
509 1471 738 1525 βωνίτῃσιν
772 1467 1068 1522 εἰίκριὲπτουσι
1101 1475 1320 1523 γυναῖκες,

368 1543 527 1580 δείελον
558 1541 814 1592 αἰτίζουσιν,
847 1535 999 1592 ἄγουσι
1030 1543 1075 1581 δὲ
1102 1548 1254 1595 χεῖρας
1287 1541 1359 1582 a'n'
1393 1539 1534 1594 ἔργου.

146 1614 425 1666 Fragmentum
456 1612 681 1653 CCCCLIV.
713 1624 764 1652 ex
783 1613 932 1653 Hecale
962 1625 1068 1662 esse,
1101 1615 1334 1654 coniectura
1366 1618 1428 1653 est
1448 1612 1690 1662 Ruhnkenii,

147 1688 212 1738 qui
243 1685 336 1725 illud
367 1686 517 1738 primus
549 1696 571 1722 e
599 1685 750 1725 Lexico
786 1685 864 1727 MS.
895 1685 993 1726 Bibl.
1022 1686 1122 1739 Reg.
1162 1691 1202 1726 et
1240 1698 1292 1726 ex
1320 1686 1536 1739 Apollonio
1572 1685 1686 1724 eruit.

147 1757 242 1797 Cum
275 1757 425 1797 Lexico
454 1756 532 1799 MS.
559 1756 682 1796 Paris.
717 1759 907 1797 convenit
939 1758 1122 1797 Zonarae
1157 1759 1370 1799 Tittmanni
1403 1771 1440 1811 p.
1467 1757 1585 1797 16⁴5.
1625 1756 1689 1796 Ad

147 1826 302 1882 ‹517115171›
335 1829 384 1868 cf.
419 1828 574 1868 Iacobs.
608 1830 648 1868 in
680 1830 846 1870 Leonid.
869 1830 958 1870 Tar.
988 1831 1058 1883 Ep.
1081 1830 1146 1870 IX.
1180 1832 1393 1871 Animadv.
1424 1830 1510 1870 Vol.
1529 1829 1556 1869 I.
1588 1830 1625 1868 P.
1644 1828 1689 1868 II.

147 1913 184 1953 p.
216 1900 281 1939 71.
315 1900 404 1939 add.
437 1901 603 1941 Leonid.
637 1901 705 1954 Ep.
725 1903 829 1943 XIII.
861 1904 908 1942 A.
938 1903 1062 1942 Pati.
1095 1900 1130 1955 p.
1150 1904 1245 1943 ⁶285.
1274 1900 1565 1957 ὀλιγησιπύου.
1628 1902 1692 1942 Ad

149 1974 306 2027 Fragm.
341 1973 487 2014 CLVII.
546 1974 805 2015 Boissonadii
834 1987 871 2028 p.
899 1975 994 2015 202.
1029 1977 1236 2015 annotatio
1257 1981 1339 2016 est:
1373 1975 1523 2028 Οἱόυς,
1551 1987 1693 2026 nempe

152 2045 328 2104 ἄρτους.
396 2050 477 2090 Iam
525 2049 652 2088 habes
701 2042 879 2101 ἄρτους,
917 2059 969 2088 ex
1011 2060 1098 2089 mea
1148 2061 1334 2089 versuum
1382 2048 1691 2101 compositione.

153 2123 437 2164 Callimachum
460 2122 624 2174 respicit
642 2120 804 2162 Suidas:
836 2123 1087 2177 Βουνιτῇσι.
1117 2126 1204 2168 τοῖς
1221 2117 1454 2172 βουκόλοις.
1487 2126 1573 2168 τοῖς
1591 2123 1693 2174 βοη-

154 2195 312 2242 λάταις.
371 2196 445 2235 ubi
471 2193 745 2234 memorabilis
783 2198 868 2244 est,
900 2194 1082 2234 Albertio
1122 2194 1173 2233 ad
1210 2192 1384 2246 Ilesych.
1423 2205 1462 2232 v.
1501 2191 1696 2237 Bwvz'mc

155 2267 395 2318 observata,
427 2268 587 2308 dialecti
618 2267 813 2319 vai-ictas,
848 2269 1066 2322 βουνιτῇσι
1100 2269 1162 2307 vel
1201 2268 1443 2321 βουνίτῃσι,
1484 2276 1601 2316 quum
1643 2265 1696 2303 sit

154 2340 426 2394 βωνίτῃσιν
457 2340 559 2392 apud
584 2340 882 2393 Etyinologum,
913 2343 1142 2391 βωνίτας
1172 2339 1275 2392 apud
1297 2338 1553 2390 Hesychium.
1598 2336 1694 2376 Cum

156 2408 278 2449 Suida
311 2408 408 2450 facit
437 2411 515 2451 MS.
549 2411 670 2452 Coisl.
702 2424 760 2464 ap.
795 2411 919 2451 Gaisf.
945 2411 1150 2451 Zonaras:
1184 2411 1388 2463 Βωνίτης.
1437 2405 1460 2447 ὁ
1480 2405 1693 2459 βουκόλος.

158 2482 345 2521 Fortasse
374 2483 619 2538 ,Bwt't‘tpotv‚
655 2484 819 2534 dorice,
848 2488 1060 2536 propterea
1105 2483 1241 2523 maluit
1270 2480 1557 2529 Callimachus,
1589 2478 1697 2531 quod

159 2554 265 2594 aliud
298 2553 537 2594 vocabulum
567 2557 777 2608 βουιίτης,
810 2556 948 2605 (Panis
979 2557 1187 2608 epitheton
1218 2567 1280 2607 ap.
1306 2555 1456 2595 Zonam
1486 2553 1548 2595 IV.
1580 2551 1698 2592 Anal.

158 2626 223 2667 ΒΓ.
255 2624 300 2667 II.
333 2637 370 2678 p.
399 2625 467 2666 81.
500 2626 619 2666 Anth.
650 2628 728 2667 Pal.
760 2628 791 2668 1.
822 2640 858 2680 p.
880 2628 998 2678 221.)
1028 2628 1104 2668 alia
1135 2627 1448 2680 significatione,
1478 2638 1500 2666 a
1532 2623 1699 2676 βουνός,

161 2702 322 2738 exstare
365 2698 662 2739 recordaretur.
742 2700 990 2753 Quamquam
1032 2711 1164 2752 neque
1217 2700 1297 2740 hoc
1340 2698 1582 2739 incredibile
1625 2702 1699 2748 est,

162 2769 330 2810 formam
361 2770 542 2822 primitus
572 2770 766 2822 doricam,
793 2774 987 2826 βωιιίτης,
1016 2772 1137 2812 multo
1167 2776 1259 2812 ante
1281 2770 1564 2811 Callimachum
1593 2774 1701 2810 tem-

163 2852 263 2893 pore
294 2842 334 2881 in
364 2852 615 2882 communem
646 2848 847 2897 receptam
881 2855 994 2884 usum
1035 2842 1172 2884 fuisse.
1231 2843 1281 2885 Ut
1312 2842 1491 2895 dubites,
1529 2853 1580 2882 an
1619 2840 1701 2880 hoc

260 2912 386 2947 Naekii
411 2913 532 2959 Opusc.
559 2915 601 2948 11.
1383 2915 1433 2956 10
