1856 3126
818 123 1126 163 —258—

205 238 423 279 Berenices
457 249 509 277 cx
536 237 659 278 latino
690 237 829 280 Catulli
860 240 1044 293 exemplo
1078 238 1326 279 restituenda
1358 237 1568 290 ludebam,
1596 251 1739 281 versus

205 313 271 363 qui
304 310 408 363 apud
444 309 636 350 Catullum
669 315 787 351 sunt:

439 380 581 420 Vereor
607 382 649 420 in
674 393 888 432 occasum,
919 382 1079 421 tardum
1111 382 1195 421 dux
1224 387 1317 422 ante
1343 381 1520 430 Booten,

487 452 568 501 Qui
600 453 672 492 via:
698 465 793 492 sero
824 454 906 492 alto
934 454 1133 508 mergitur
1164 453 1328 495 Oceano
1347 485 1358 505 ,

204 537 356 579 graece
391 524 565 564 reddere
594 536 657 564 me
688 525 871 564 memini:
903 526 944 571 ἐς
976 523 1143 577 δυσμὴν
1169 527 1352 578 νωθροῖο
1383 522 1635 577 παροίτερος
1657 520 1743 574 εἶμι

204 594 410 646 Βοώτεω,
498 593 545 643 ὃς
574 595 697 647 μόλις
730 596 811 648 ὀψὲ
844 596 989 648 βαθύν
1029 596 1136 637 ὸ”ι”ετ’
1180 598 1221 645 ἐς
1251 597 1455 637 Ὠκεανόν.
1516 596 1558 636 In
1603 596 1744 648 quibus

202 669 328 719 nihil,
364 668 471 720 quod
504 680 585 708 non
621 669 802 708 scribere
834 668 1034 708 Battiades
1068 670 1256 720 potuerit.
1315 666 1357 715 ἐς
1390 664 1578 720 δυσμήν,
1608 667 1670 706 vel
1702 667 1745 714 ἐς

203 738 387 793 δυθμὴν,
421 741 471 780 ad
505 740 728 793 exemplum
759 741 1015 792 Callimachi,
1049 742 1205 795 Fragm.
1236 753 1298 793 ap.
1330 740 1463 781 Schol.
1494 741 1612 780 Hom.
1643 739 1743 779 Ven.

203 813 252 853 A.
286 813 394 852 lliad.
426 811 494 852 Xl.
526 812 591 853 62.
625 824 732 852 nunc
767 812 1013 853 CCCCLXV.
1047 813 1189 853 Blomf.

487 878 687 933 [αὕλιος,]
721 881 767 932 ὃς
801 883 970 938 δυθμὴν
1001 880 1082 926 εἶσι
1114 886 1202 937 μετ’
1237 884 1396 938 ἠελίου.

204 956 311 996 unde
345 960 523 1008 apparet,
552 967 632 994 non
664 956 717 994 ita
747 967 835 994 eam
871 956 1055 1005 sormam,
1091 955 1261 1008 ὄυθμή,
1293 956 1474 996 doricam
1505 955 1646 1005 fuisse,
1680 953 1742 993 vel

206 1033 317 1068 certe
347 1033 494 1080 poetae
539 1028 634 1067 huic
667 1039 749 1066 non
783 1029 836 1066 ila
878 1028 1006 1067 visam
1040 1039 1132 1067 esse
1166 1027 1374 1077 doricam,
1410 1032 1452 1067 ut
1485 1039 1533 1066 ea
1566 1027 1604 1065 in
1637 1025 1744 1065 nullo

206 1101 284 1139 nisi
317 1100 461 1139 dorico
495 1101 672 1138 carmine
717 1098 876 1150 (hymn.
912 1099 1000 1138 Cer.
1037 1099 1121 1147 10.)
1154 1100 1209 1139 uti
1256 1099 1407 1139 liceret.
1483 1098 1541 1138 Cl.
1571 1100 1745 1149 τέθμιον

203 1184 322 1224 supra
354 1171 447 1223 Cap.
482 1170 546 1210 VI.
577 1182 612 1221 p.
645 1171 736 1210 214.
769 1176 809 1210 et
851 1171 1010 1211 laudata
1059 1172 1114 1211 ibi
1153 1172 1365 1224 disputatio
1406 1170 1663 1211 Valckenarii
1705 1169 1746 1208 in

205 1243 356 1295 Opusc.
392 1243 419 1282 1.
449 1255 486 1295 p.
516 1243 611 1283 360.
645 1256 704 1296 sq.
803 1230 1017 1283 Praeterea
1062 1244 1324 1284 memorabile
1367 1248 1428 1283 est
1472 1240 1611 1296 δυσμὴ
1657 1242 1745 1282 sive

207 1315 353 1369 δυθμν]
386 1316 580 1369 singulari
625 1327 806 1356 numero,
867 1316 955 1355 Vid.
1001 1317 1108 1356 citati
1151 1317 1272 1357 multo
1318 1327 1485 1356 numero
1526 1315 1746 1366 scriptores

206 1389 311 1440 apud
342 1388 493 1428 Albert.
530 1390 568 1428 in
596 1388 768 1441 Hesych.
800 1391 998 1438 Δυσμαΐς
1027 1390 1149 1442 βίου,
1183 1388 1401 1428 Blomlield.
1434 1387 1565 1428 Gloss.
1594 1385 1744 1426 Aesch.

206 1460 316 1500 Pers.
347 1460 440 1500 937.
482 1462 569 1500 Ast.
614 1461 709 1500 Lex.
744 1461 895 1499 Platon.
937 1461 974 1499 in
1021 1461 1195 1511 ὁυσμαί.
1268 1461 1512 1509 Quibuscum
1556 1458 1747 1498 convenit

209 1533 436 1573 observatis
465 1546 486 1572 a
520 1546 582 1573 me
614 1534 765 1585 poetis,
799 1533 944 1573 Babrio
988 1534 1067 1573 sab.
1100 1533 1202 1572 le.
1251 1533 1352 1583 (sab.
1389 1533 1433 1572 V.
1464 1535 1528 1577 ed.
1557 1540 1675 1586 nup.)
1709 1536 1744 1574 1.

207 1604 402 1658 Cyneget.
434 1605 480 1645 11.
521 1606 611 1645 124.
662 1605 892 1645 Manethoni
928 1605 990 1645 lv.
1024 1608 1061 1646 S.
1099 1606 1189 1645 112.
1249 1605 1423 1657 Sibyllae
1463 1606 1594 1646 multis
1631 1605 1746 1656 locis,

206 1678 444 1730 Apollinari.
503 1677 650 1717 Verum
682 1677 736 1717 illi
772 1679 858 1717 fere
890 1689 1030 1717 omnes
1069 1690 1187 1730 quum
1221 1675 1387 1729 δυσμάς
1431 1678 1593 1730 dicunt,
1622 1689 1747 1718 occa-

206 1761 297 1788 sum
325 1751 364 1789 in
398 1750 631 1789 universum
664 1750 916 1803 intelligunt3
946 1751 1212 1791 Callimachus
1231 1748 1402 1804 δυθμήν
1432 1751 1482 1791 de
1511 1762 1590 1791 uno
1610 1750 1748 1790 sidere

210 1822 297 1862 sive
332 1821 446 1861 stella
480 1822 709 1872 occidente,
741 1828 780 1862 et
810 1824 923 1875 quasi
955 1823 1129 1863 cubitum
1163 1828 1297 1863 eunte.
1381 1824 1632 1876 παροίτερος
1658 1834 1749 1862 ma-

209 1894 316 1933 xime
348 1906 400 1932 ex
422 1894 548 1933 Arato
581 1906 618 1932 v.
648 1892 744 1933 306.
859 1893 933 1931 via:
972 1906 1067 1932 sero
1096 1893 1199 1933 haud
1242 1892 1362 1933 facile
1406 1894 1532 1933 altero
1565 1892 1748 1946 exemplo

210 1965 334 2005 latino
367 1965 725 2017 comprobandum,
754 1966 858 2005 inter
889 1977 936 2004 ea
966 1966 1187 2017 putaverim
1220 1977 1326 2015 esse,
1359 1977 1460 2016 quae
1492 1964 1667 2004 Catullus
1697 1963 1749 2004 ad

212 2038 379 2077 verbum
414 2037 614 2088 expressit
644 2049 666 2075 e
697 2049 850 2089 graeco
872 2036 1056 2088 exemplo
1080 2048 1166 2076 suo.
1226 2037 1322 2076 Nam
1343 2047 1494 2088 graeca
1514 2035 1615 2075 haec
1635 2039 1748 2075 sunt:

215 2109 298 2160 ὀψὲ
329 2107 402 2148 καί
428 2107 580 2159 μόλις,
611 2108 734 2160 μόλις
764 2111 836 2148 καί
866 2109 1085 2160 βραδέως,
1117 2110 1199 2160 ὀψὲ
1230 2106 1301 2147 καί
1327 2107 1540 2158 βραδέωςε
1581 2105 1747 2146 Dorvill.

213 2183 254 2221 in
287 2181 435 2221 Charit.
469 2181 534 2221 111.
557 2180 595 2220 9.
625 2193 663 2232 p.
681 2181 775 2220 409.
809 2181 871 2220 ed.
895 2180 1000 2232 Lips.
1034 2180 1138 2220 Add.
1158 2181 1347 2220 Memnon
1363 2179 1490 2218 Photii
1511 2191 1549 2230 p.
1574 2178 1750 2228 22229.

215 2254 415 2293 Lucianus
445 2253 573 2292 Asino
603 2265 638 2292 c.
671 2253 707 2291 Q.
757 2252 950 2304 Iosephus
986 2264 1021 2292 c.
1053 2252 1197 2304 Apion.
1229 2251 1256 2291 l.
1290 2251 1396 2291 haud
1429 2250 1551 2303 longe
1582 2250 1631 2290 ab
1667 2250 1753 2290 init.

214 2325 407 2365 Aelianus
439 2324 485 2364 V.
518 2325 561 2364 Η.
593 2325 677 2364 Xll.
706 2327 742 2374 1,
773 2326 840 2366 49.
900 2325 979 2366 Sed
1007 2326 1137 2377 magis
1167 2325 1244 2364 huc
1279 2323 1432 2369 faciunt
1460 2327 1620 2375 poetae.
1668 2322 1755 2375 lgi-

216 2401 280 2436 tur
310 2396 548 2448 Apollonius
578 2396 640 2435 Ill.
677 2396 796 2435 1025.
835 2389 917 2444 ὀψὲ
950 2395 995 2435 δὲ
1027 2392 1076 2447 δή
1113 2397 1263 2435 τοίοισι
1299 2393 1420 2445 μόλις
1461 2390 1754 2447 προσπτύξατο

216 2466 363 2520 κούρη.
422 2467 586 2507 Nonnus
617 2466 831 2506 XXXVlll.
865 2467 960 2506 227.
995 2467 1073 2512 ἕως
1101 2466 1222 2518 μόγις
1263 2465 1345 2517 ὀψὲ
1375 2468 1564 2521 τελέσσῃ.
1616 2465 1752 2517 Epigr.

217 2539 257 2578 in
288 2537 442 2592 στήλας
474 2538 626 2593 ἀθλητ.
660 2539 722 2578 lv.
756 2540 793 2578 9.
827 2539 896 2589 (A.
927 2538 1005 2578 Pal.
1036 2538 1082 2577 11.
1113 2550 1151 2589 p.
1171 2539 1287 2588 728.)
1318 2537 1400 2588 ὀψὲ
1426 2534 1576 2587 μόλιςε
1605 2536 1673 2576 ubi
1688 2535 1756 2576 13-

220 2610 384 2649 cobsius
415 2611 671 2650 Themistium
713 2610 872 2660 laudat,
908 2614 947 2649 et
988 2621 1039 2648 ex
1082 2610 1369 2662 epigrammate
1410 2608 1517 2661 quod
1547 2607 1756 2660 praecedit

221 2681 267 2719 11.
298 2682 337 2720 8.
373 2677 546 2733 ὄψιμον,
579 2682 685 2721 α’λλά
717 2681 852 2732 μόλις.
911 2681 1129 2720 Herodian.
1156 2680 1201 2720 Il.
1237 2681 1277 2732 3,
1297 2680 1335 2720 4.
1367 2680 1496 2720 ὀκνῶν
1523 2680 1596 2719 καί
1620 2674 1753 2727 μόλις.

221 2752 444 2802 Sophocles
474 2753 535 2792 Αἰ.
567 2753 660 2793 306.
691 2750 813 2804 μόλις
845 2767 931 2799 πως
971 2750 1045 2800 ξῦν
1078 2750 1236 2807 χρόνῳ.
1323 2752 1453 2792 Latini
1497 2750 1640 2790 usitate
1683 2749 1757 2788 via:

226 2823 398 2874 tandem,
426 2829 464 2864 ut
496 2827 581 2877 ipsc
614 2826 788 2866 Catullus
820 2825 928 2876 alibi,
959 2830 999 2865 et
1032 2825 1220 2878 Virgilius
1241 2824 1315 2863 111.
1343 2823 1438 2864 309.
1472 2825 1510 2860 et
1541 2820 1655 2873 longo
1684 2819 1758 2859 vix
