1856 3126
747 122 1052 162 —248—

132 240 353 292 exemplum
382 239 579 292 exemplo,
613 239 799 280 usitatum
832 240 926 281 huic
957 245 1102 293 poetae
1133 245 1217 282 est:
1249 245 1290 281 ut
1321 240 1360 280 in
1390 239 1538 293 hymno
1572 239 1662 280 Cer.

130 324 167 351 v.
198 311 264 350 75.
295 323 380 364 sqq.
423 311 620 351 cumulate
653 324 697 351 se
729 313 933 364 excipiunt
975 313 1247 353 excusationis
1287 312 1480 364 exempla.
1539 312 1663 351 Vocis

130 383 397 435 ἐναγίσματα
425 375 477 423 ex
505 385 636 436 poetis
666 396 785 424 unum
816 389 957 424 testem
993 384 1138 435 habeo,
1170 389 1430 425 monstratum
1461 395 1482 423 a
1503 383 1662 425 Schae-

130 453 218 493 fero
254 455 292 493 in
323 455 458 507 Steph.
489 456 606 496 Thes.
647 457 855 508 Synesium
888 456 1036 509 hymno
1072 458 1151 497 Vll.
1182 458 1255 498 sed
1294 456 1477 497 nobilitat
1520 467 1661 496 vocem
1708 492 1714 496 .

130 524 365 565 felicissima
395 527 701 580 significationis
732 528 959 568 insolentia.
1018 529 1081 569 Ad
1123 529 1289 569 sormam
1326 528 1468 569 similia
1511 532 1601 568 sunt
1639 540 1663 567 e

130 596 373 637 Callimacho
405 592 590 648 ἆέισ,ιια,
622 597 852 651 τείχισμα,
886 600 1074 651 δίασμα,
1105 598 1278 651 ἔδεσμα.

241 670 340 710 Sunt
373 670 448 710 alia
478 670 746 724 Fragmenta,
778 673 818 711 in
853 672 995 723 quibus
1026 672 1160 711 varias
1204 672 1496 711 commotiones
1542 669 1663 709 animi

129 739 301 779 Hecales
334 752 549 793 agnoscas.
607 741 754 782 Eldikii
785 743 943 794 quidem
977 743 1209 782 coniectura
1240 743 1518 795 Suspicionum
1546 742 1663 794 Spcc‚

131 823 219 863 cap.
251 812 314 855 IV.
348 824 385 864 p.
420 813 484 852 23.
520 812 569 852 de
601 813 841 865 Fragmento
876 813 1026 853 Callim.
1050 813 1216 853 CCXIX.
1252 813 1389 853 infelix
1419 818 1492 853 est.
1551 813 1666 854 Scri-

130 884 187 923 bit
217 883 282 922 ille
313 884 389 923 ita:
419 883 552 923 Miror
581 884 635 923 ad
660 884 837 925 Hecaten
868 909 921 916 --
951 897 1031 923 non
1059 885 1231 923 relatum
1259 885 1404 937 fraym.
1436 885 1530 925 919.

326 958 542 1009 τεθναίην,
570 953 627 997 ὅτ’
657 955 812 996 ἐκεῖνον
837 955 1161 995 ἀποπνειῗσαιτα
1195 958 1422 1009 πυθοίμην.

132 1025 234 1066 Sunt
265 1027 379 1077 enim,
408 1027 446 1066 si
475 1028 571 1078 quid
596 1028 727 1078 video,
756 1027 885 1078 ipsius
915 1026 1044 1066 verba
1075 1025 1261 1077 Hecales,
1290 1039 1369 1078 pro
1400 1029 1531 1067 salute
1567 1028 1672 1067 The-⁴

131 1098 192 1137 sei
222 1098 313 1138 Iovi
340 1103 436 1139 cota
467 1099 682 1151 facientis,·
723 1100 878 1151 leyalm·
908 1098 1115 1137 Plutarchi
1145 1098 1281 1146 locus,
1310 1098 1492 1138 Meursio
1525 1100 1671 1140 citatus

138 1170 252 1210 Thes.
283 1183 372 1222 cap.
405 1171 453 1211 X.
514 1172 561 1211 Ut
592 1173 670 1211 hoc
703 1171 807 1210 dicat
826 1171 988 1220 Hecale,
1019 1183 1064 1209 se
1094 1172 1324 1210 morituram
1357 1183 1463 1221 esse,
1495 1172 1528 1211 si
1549 1171 1670 1222 illum,

132 1243 350 1294 Theseum,
382 1244 654 1296 exspiravisse
689 1243 871 1284 audierit.
929 1244 981 1282 At
1009 1243 1221 1282 verborum
1255 1254 1524 1294 graecorum,
1563 1243 1670 1295 quod

132 1315 408 1355 intellecturus
439 1315 580 1355 fuisset
609 1315 803 1364 Eldikius,
833 1314 867 1353 si
899 1313 1051 1353 scholia
1086 1315 1279 1367 Aeschyli
1308 1315 1600 1367 Choephstssss.
1630 1315 1671 1355 in

133 1386 275 1438 quibus
305 1392 457 1439 prostat
482 1387 562 1427 hoc
593 1388 872 1440 fragmentum,
901 1388 1227 1440 Aeschylumquc
1260 1389 1386 1439 ipsum
1416 1388 1670 1439 inspexisset,

131 1470 298 1510 prorsus
330 1460 532 1499 contraria
563 1460 760 1499 sententia
791 1462 877 1497 est:
922 1459 1097 1507 moria-r,
1133 1459 1168 1498 h.
1205 1472 1237 1498 c.
1271 1459 1372 1498 mori
1403 1459 1521 1509 voto,
1551 1471 1671 1509 quum

130 1530 242 1570 illum
285 1531 567 1581 exspiravi-sse
597 1531 808 1574 audivero.
866 1530 1019 1570 Eadem
1057 1536 1254 1571 structura
1289 1542 1337 1570 ac
1373 1530 1671 1583 significatione

131 1603 299 1644 Nomius
346 1602 409 1642 IV.
446 1603 537 1642 148.
569 1603 607 1642 9.
652 1603 928 1655 τεθναίην
974 1599 1062 1642 ὅτε
1112 1603 1267 1651 μοῦνον
1312 1601 1495 1655 ἀφειδέα
1540 1606 1669 1654 χεῖρα

129 1671 376 1726 χαλάσσας,
468 1674 721 1727 ἀμφοτέρων
752 1673 1018 1723 θλίψειεν
1055 1673 1281 1723 ἑλείθερον
1313 1665 1476 1723 ἄντυγα
1508 1671 1664 1722 μαζῶν.

130 1743 281 1797 Estque
313 1745 393 1785 hoc
427 1746 523 1786 satis
555 1747 768 1794 usitatum,
811 1750 851 1784 et
895 1745 980 1784 sere
1018 1744 1223 1796 proverbii
1263 1743 1356 1782 loco
1401 1742 1566 1783 dicitur:
1599 1758 1667 1783 τε-

131 1816 308 1869 θναίην,
339 1818 407 1857 ubi
438 1817 531 1857 illud
563 1817 657 1856 mihi
693 1817 1033 1868 exoptatissimum
1069 1816 1295 1867 contigerit.
1355 1814 1412 1853 Cf.
1442 1814 1670 1866 Aeschylus

131 1887 158 1928 1.
188 1887 214 1928 1.
245 1888 456 1941 Euripides
484 1888 609 1928 Elect.
634 1890 726 1929 981.
757 1888 890 1928 Orest.
919 1888 1035 1928 1100.
1073 1887 1232 1927 Homer.
1256 1886 1293 1926 h.
1321 1887 1419 1925 Ven.
1445 1887 1535 1926 154.
1557 1888 1594 1926 5.
1617 1898 1669 1926 ex

135 1972 214 2012 quo
243 1961 336 2000 loco
367 1960 572 2001 Musaeum
602 1973 640 2001 v,
663 1961 730 2001 79.
759 1961 926 2000 illustrat
955 1959 1237 2008 Heinrichius3
1267 1959 1433 1999 Nonnus
1459 1958 1541 1998 XV.
1570 1958 1666 1998 320.

133 2032 343 2085 Damaget.
374 2032 454 2072 VII.
502 2034 571 2081 (A.
604 2032 680 2072 Pal.
714 2032 741 2072 Ι.
772 2044 809 2084 p.
841 2032 959 2081 458.)
992 2033 1031 2072 4.
1089 2032 1219 2079 Quint.
1264 2031 1421 2083 Smyrn.
1457 2030 1538 2070 Vll.
1571 2030 1666 2075 291.

137 2103 234 2143 Cato
265 2116 399 2144 meus:
431 2104 555 2144 Istius
586 2108 705 2155 atque
737 2104 890 2143 utinam
918 2104 1019 2156 sacti
1050 2115 1140 2143 mea
1168 2104 1289 2153 culpa
1317 2102 1514 2153 maqistra
1529 2101 1670 2141 Prima

132 2175 262 2227 foret:
305 2175 423 2214 letum
452 2175 538 2214 vita
578 2175 674 2214 mihi
710 2175 867 2215 dulcius
911 2179 1028 2214 esset.
1115 2174 1303 2215 Similiter
1335 2173 1571 2225 Apollonius
1601 2174 1667 2214 111.

136 2246 232 2287 788.
255 2245 396 2299 αὐτὰρ
416 2246 522 2299 ἐγών
541 2248 751 2300 αὐτῆμαρ,
774 2244 844 2286 ὅτ’
863 2244 1078 2293 ἐξανύσει
1093 2261 1144 2286 εν
1167 2240 1333 2296 ἄεθλον,
1396 2248 1621 2300 τεθναίη
1632 2262 1668 2287 ν.

138 2318 212 2358 sed
241 2324 391 2359 tantum
417 2319 623 2359 similiter:
663 2331 754 2359 nam
788 2319 863 2359 alia
898 2320 985 2358 eius
1026 2318 1105 2358 loci
1137 2319 1239 2357 ratio
1267 2321 1328 2356 est
1361 2328 1433 2367 eo,
1464 2317 1572 2369 quod
1598 2332 1670 2358 τε-

135 2391 288 2444 θναίην
314 2392 574 2443 praecedenti
607 2392 833 2446 oppositum
874 2391 1008 2431 νέοιτο
1050 2394 1124 2430 est.
1167 2389 1233 2429 ille
1262 2400 1406 2439 sospes
1447 2388 1591 2429 abeat:
1627 2393 1672 2429 at

137 2462 232 2501 mila·
276 2463 412 2502 eodem
451 2463 536 2514 die,
581 2475 701 2513 quum
738 2463 943 2514 pereyere't
986 2460 1190 2511 laborem,
1225 2473 1335 2500 mors
1374 2460 1552 2512 obtingat
1579 2472 1670 2501 mea

137 2546 272 2573 manu.
332 2535 390 2574 llli
416 2536 597 2575 locorum
640 2536 783 2587 generi
813 2535 1015 2587 geminum
1048 2538 1129 2583 est,
1164 2534 1408 2572 contrarium
1436 2534 1476 2572 in
1506 2533 1668 2573 modum

140 2604 399 2646 dictumhoc:
430 2607 635 2660 τεθναίην,
667 2618 783 2658 quum
810 2606 903 2646 illud
926 2605 1120 2645 acciderit
1139 2604 1418 2643 tristissimum.
1475 2604 1670 2644 Mimner-

138 2688 245 2715 mus:
276 2677 486 2730 τεθναίην,
522 2675 591 2717 ὅτε
617 2693 687 2727 μοι
720 2679 863 2730 μηκέτι
901 2677 1036 2716 ταῦτα
1065 2678 1197 2726 μέλοι.
1230 2675 1280 2718 cs.
1299 2675 1502 2727 Theognis
1519 2674 1668 2718 v.343.

142 2748 302 2788 Homer.
336 2750 376 2787 ll.
397 2749 536 2789 XVIlI.
568 2750 633 2789 98.
693 2750 897 2788 Structura
927 2748 1092 2787 eadem:
1124 2752 1250 2787 utrum
1285 2747 1484 2786 felicitatis
1513 2745 1670 2797 signifi-

146 2826 257 2860 cetur
289 2822 425 2871 notio,
455 2833 505 2860 an
538 2821 810 2872 infelicitatis,
842 2831 968 2859 nexus
1005 2819 1192 2859 declarat.
1263 2819 1330 2859 Sic
1370 2818 1568 2868 τεθναίην
1608 2812 1669 2856 ὅτ’
