1856 3126
764 113 1039 152 —44-

139 230 437 279 Valckenarius,
457 232 684 271 auctorum:
714 228 924 286 Ὠκεανίνη
953 232 1135 282 (llcsiod.
1159 233 1307 274 Callim.
1325 234 1387 274 bis
1404 234 1454 275 al.
1477 234 1663 276 ctOcea-

139 303 237 343 nina
267 303 363 354 lntp.
397 302 534 354 Virgil.
570 314 631 355 ap.
659 303 706 343 A.
725 303 881 354 Maium,
911 305 993 344 Ecl.
1016 305 1094 348 vlt.
1117 305 1221 355 373,
1252 304 1512 360 Ἀδρηστίνη,
1545 301 1660 360 Εὔη-

140 375 229 427 n'my
262 373 492 423 (Evenc‘nae
529 375 694 426 Ovid.),
735 377 954 429 Θειαντιίἠ
985 377 1110 429 (apud
1142 377 1349 417 Maximum
1381 382 1484 428 ter),
1524 381 1661 419 Κλεο-

137 448 308 499 βουλίνη
337 447 463 496 (unde
493 448 713 489 fabularum
741 449 888 489 Cratini
916 455 954 490 et
978 450 1157 490 Alexidis
1187 449 1310 498 tituli3
1341 450 1512 503 Diogen.
1543 453 1588 491 L.
1619 451 1658 491 in

141 516 344 568 Cleobulo,
373 523 413 558 et
443 525 603 572 practer
636 520 735 561 alios
765 521 956 562 Plutarch.
985 522 1190 573 Praecept.
1222 521 1383 574 coniug.
1418 534 1455 574 p.
1491 523 1581 562 145.
1613 522 1658 561 E.

140 589 305 630 Conviv.
333 591 493 643 Septem
521 593 611 644 Sap.
639 605 677 645 p.
696 590 786 634 143.
813 594 854 634 C.
883 593 950 633 ubi
981 588 1339 646 Κλεοβουλήνην
1368 597 1478 632 recte
1510 592 1659 645 expulit

136 660 354 714 Xylander,
388 663 438 702 de
458 663 620 716 Pythiae
652 676 761 705 orac.
793 679 829 718 p.
859 664 955 705 401.
984 665 1028 705 Β.
1059 664 1127 704 ubi
1161 664 1281 718 vulgo
1312 664 1414 704 male
1439 663 1659 716 Κλεοβού-

137 735 276 787 λην),
310 736 499 789 Νηρηΐινη
535 736 725 790 (Oppian.
755 737 921 778 Halieut.
945 737 974 778 Ι.
1002 737 1097 779 386.
1132 737 1260 785 Quint.
1283 737 1439 789 Smyrn.
1470 735 1532 776 111.
1566 737 1654 779 125.

136 804 230 845 596.
261 805 359 847 768.
391 807 484 847 786.
516 807 579 847 IV.
604 809 691 849 128.
724 808 917 850 V11.353.
948 808 1015 849 IX.
1038 809 1102 849 29.
1133 813 1172 849 et
1199 809 1368 859 Suidas;
1399 807 1550 848 Nerine
1563 808 1656 849 Vir-

133 875 240 930 gil.),
263 877 499 929 Neptunine.
558 881 617 920 De
637 881 895 938 Φαιακοσίνῃ
919 881 1169 921 Valckenarii
1200 893 1238 925 v.
1268 893 1373 921 nunc
1403 880 1580 921 Boeckh.
1612 881 1654 921 C.

135 948 166 989 1.
198 949 286 991 Vol.
318 951 362 992 11.
385 951 505 992 1869.
525 965 562 1005 p.
585 954 648 994 29.
708 953 812 995 Add.
833 952 1010 1009 Αἰητιίἠ
1042 954 1239 1008 (Regulae
1257 953 1420 1006 prosod.
1439 953 1654 994 Hermann.

134 1033 170 1074 p.
203 1021 298 1063 2140.
329 1023 395 1064 90.
426 1025 655 1077 corrigend.
691 1038 742 1065 ex
771 1027 961 1066 Dracone
996 1039 1033 1078 p.
1063 1027 1130 1066 45.
1161 1031 1201 1065 et
1234 1026 1348 1074 105.)
1384 1025 1550 1078 Dionys.
1577 1025 1655 1065 Pe-

134 1093 235 1146 rieg.
265 1091 360 1134 490.
423 1093 589 1134 Aeetine
630 1096 746 1137 Ovid.
778 1097 870 1136 Her.
911 1097 1034 1150 Epist.
1063 1097 1126 1137 Vl.
1164 1098 1253 1138 105.
1299 1097 1558 1150 laudatusque
1600 1098 1655 1138 ibi

134 1165 183 1204 ab
215 1165 378 1206 Heinsio
417 1167 595 1208 Avienus
634 1169 832 1223 Descript.
871 1170 967 1211 Orb.
1008 1183 1045 1214 v,
1079 1170 1172 1212 657.
1209 1170 1326 1210 1221.
1395 1170 1506 1218 Quae
1545 1169 1656 1210 addit

133 1235 333 1289 Heinsius,
364 1237 610 1291 Nonacrina,
643 1245 683 1281 et
709 1241 890 1282 locorum
914 1244 1090 1295 nomina,
1120 1241 1398 1294 Elephantine,
1428 1242 1655 1293 Daphnine,

133 1309 249 1349 nimis
288 1311 418 1351 aliena
453 1311 501 1352 ab
534 1312 612 1352 hac
652 1315 887 1367 quaestione
927 1320 1040 1356 sunt:
1086 1316 1228 1368 quippe
1267 1314 1534 1364 Nonacrina,
1564 1328 1655 1356 nam

134 1380 365 1421 Nonam-ine
394 1395 474 1423 non
503 1385 664 1425 memini
693 1398 756 1426 me
787 1387 926 1440 legere
960 1400 1138 1441 usquam,
1168 1392 1304 1429 notum
1336 1388 1529 1438 Callistus,
1550 1388 1655 1429 Ata-

134 1454 291 1505 lantae,
316 1466 569 1508 cognomen,
600 1469 748 1499 nomen
787 1460 1027 1501 adiectivum
1056 1460 1206 1514 gentile
1251 1464 1338 1510 est3
1371 1460 1653 1512 Elephantine,

135 1524 372 1577 Daphnine,
411 1531 453 1566 ut
482 1539 583 1580 quae
621 1529 730 1570 iuxta
760 1531 995 1584 Daphninen
1028 1536 1383 1586 commemoratur,
1415 1531 1654 1585 Acanthine,

134 1598 202 1636 vix
232 1597 390 1638 dubium
421 1599 513 1651 quin
538 1599 683 1641 fuerint
708 1601 989 1658 Ἐλεφαντίνη,
1021 1605 1228 1659 Δαφνίνη,
1255 1602 1478 1657 Ἀκανθίνη
1511 1604 1656 1656 penul-

137 1670 232 1709 tima
274 1676 481 1723 correpta,
530 1685 696 1725 quorum
733 1679 883 1715 tantum
921 1676 1085 1729 gentilia
1132 1675 1328 1717 adiectiva
1365 1676 1654 1729 longitudinem

137 1741 441 1795 adsciscebant,
472 1748 514 1783 ut
544 1733 605 1785 est
633 1745 920 1800 Ἐλεφαντίνῃ,
953 1741 1242 1802 Ἐλεφαντῖνος
1281 1747 1384 1800 apud
1411 1747 1651 1800 Stephanum

134 1813 377 1866 Byzantium.
436 1814 526 1855 Alia
555 1816 596 1856 in
626 1831 689 1871 ινη
718 1830 799 1858 non
825 1819 1100 1871 patronymica
1125 1831 1163 1859 v,
1184 1830 1302 1872 supra
1329 1820 1370 1859 in
1389 1819 1651 1874 Prolegome-

136 1887 212 1926 nis,
267 1885 299 1925 E
330 1886 470 1939 quibus
503 1889 668 1944 Δηωῖ·νῃ
687 1889 923 1930 simillimum
943 1886 1120 1944 ἧρωΐνης
1136 1895 1211 1940 est,
1240 1891 1281 1930 in
1307 1895 1486 1932 extremo
1515 1904 1650 1945 versu,

139 1956 243 2009 apud
271 1956 551 1999 Callimachum
578 1959 614 1999 h.
636 1961 720 2000 Del.
744 1961 836 2002 161.
866 1962 906 2001 in
935 1962 1182 2002 Theocriteis
1212 1962 1313 2003 Xlll.
1333 1963 1399 2003 20.
1427 1963 1566 2003 XXVI.
1582 1962 1650 2002 36.

137 2029 267 2082 lpsum
295 2030 463 2083 Δηωΐνη
491 2043 683 2083 graecum
719 2044 798 2072 non
832 2033 986 2086 magis,
1014 2040 1135 2086 puto,
1166 2038 1320 2085 exstat,
1352 2046 1467 2086 quam
1499 2034 1653 2088 Δηωῖξ,

141 2100 248 2154 quod
281 2105 412 2141 tamen
441 2101 563 2142 latine
591 2104 792 2156 scriptum,
816 2105 975 2146 Deoida
1004 2112 1116 2156 [cum
1147 2106 1346 2146 adiectivo
1373 2106 1547 2156 Deoia),
1575 2117 1654 2144 no-

140 2178 220 2214 tum
251 2185 303 2213 ex
333 2174 477 2215 Ovidio
507 2175 784 2228 Ausonioque‚
815 2182 926 2217 recte
957 2183 1181 2230 comparat,
1214 2178 1264 2218 ad
1296 2178 1482 2218 tuendam
1511 2177 1655 2231 Aqua·-

141 2260 238 2299 νην,
271 2245 571 2287 Valckenarius.
630 2249 697 2290 Sic
718 2249 886 2302 Λητωΐς
913 2254 986 2300 est,
1016 2254 1057 2290 et
1073 2247 1283 2304 Λητωϊάς,
1315 2262 1363 2289 ac
1392 2251 1530 2302 posset
1559 2246 1654 2286 inde

143 2330 236 2358 esse
264 2319 476 2373 Atytwt'my.
524 2317 726 2373 Λητιιόνη
754 2332 836 2360 non
857 2325 1001 2373 potest.
1058 2320 1159 2374 Ego,
1187 2321 1222 2361 si
1253 2320 1345 2372 quid
1375 2320 1415 2359 in
1443 2319 1518 2359 hac
1547 2318 1654 2358 scri-

140 2395 266 2442 ptura,
297 2392 502 2445 Δηϊαᾶνην,
531 2392 645 2444 probi
677 2399 798 2444 esset,
828 2394 928 2435 duos
960 2394 1010 2434 de
1042 2394 1182 2446 quibus
1210 2393 1350 2445 aliquis
1381 2394 1533 2446 cogitet
1559 2403 1653 2431 mo-

143 2462 216 2501 dos
245 2463 386 2504 video:
418 2469 498 2515 aut,
530 2476 645 2517 quam
679 2466 719 2505 in
749 2477 834 2505 rem
863 2466 1088 2519 Etymologi
1117 2465 1344 2505 testimonio
1372 2478 1408 2518 p.
1435 2464 1529 2505 263.
1551 2468 1650 2503 extr.

141 2547 154 2572 1
175 2532 343 2573 litteram
365 2535 404 2574 in
424 2536 585 2575 nomine
602 2535 701 2589 Δηώ
732 2537 990 2589 agnoscentis
1008 2535 1409 2591 utaris,‘Ar,i’oc‹3v17v;
1444 2541 1523 2586 aut,
1545 2535 1652 2588 quod

140 2606 268 2657 magis
287 2605 475 2657 placeret,
491 2604 721 2661 Δηοϊαὶνην,
750 2623 782 2646 ω
800 2613 1029 2648 transeunte
1048 2608 1087 2647 in
1109 2622 1129 2646 ο
1150 2608 1334 2658 litteram,
1363 2608 1477 2648 metri
1497 2618 1652 2655 caussa,

140 2681 183 2715 ut
211 2678 253 2715 lit
279 2676 421 2730 Λητώ,
451 2678 629 2731 Λητόος,
659 2679 885 2733 Λητοΐδης.
926 2680 987 2720 Ab
1005 2680 1158 2732 Heynio
1177 2685 1217 2720 et
1235 2679 1439 2720 Boeckhio
1457 2679 1495 2718 in
1517 2675 1650 2718 Schol.

140 2748 247 2788 l‘ind.
261 2749 471 2802 Aqi‘w'l'qu
488 2749 648 2791 editum.
681 2751 828 2791 Pedum
845 2751 1187 2804 pulchritudinem,
1204 2747 1375 2802 εὕποδα,
1388 2749 1650 2800 Proserpinae

141 2820 218 2860 iam
236 2820 428 2861 llomcrus
446 2821 651 2874 praedicat
665 2822 703 2863 h.
724 2823 812 2864 Ccr.
828 2824 866 2863 2.
887 2817 1032 2876 αὐτήν,
1056 2823 1130 2876 ἠδὲ
1148 2820 1337 2876 θύγατρα
1357 2817 1647 2876 τανύσφυρον.
