1856 3126
748 116 1056 154 —159—

136 230 210 270 sed
257 242 344 271 cum
384 230 647 271 dubitatione.
713 231 770 272 Ita
811 233 916 273 enim
961 234 1015 273 ibi
1052 246 1090 286 p.
1125 232 1220 274 399.
1269 232 1444 274 editum:
1488 257 1543 264 —
1587 232 1684 275 a'wu'

136 303 216 342 τοῦ
244 300 336 342 τεά
369 317 450 342 τοι
491 302 668 355 κήδεα
707 305 866 354 λέξον
905 300 955 345 ἑά
986 303 1101 358 παρὰ
1137 303 1422 362 Καλλιμάχῳ,
1455 304 1528 346 καί
1551 309 1680 346 πάλιν

136 378 236 427 παρ’
268 372 386 428 αύτῷ
409 371 508 413 αἰιτί
537 373 614 413 τοῦ
641 377 897 428 σφωϊτέρου.
933 388 1037 429 quae
1068 378 1145 416 iam
1176 383 1342 417 metrum
1372 378 1548 418 el‘ticiunt
1571 383 1681 418 certe

137 457 220 484 non
251 445 435 485 usitatum
469 445 737 496 Callimacho,
770 444 818 486 ἑά
848 462 912 487 τοι
943 447 1072 500 κήδεα
1102 451 1233 498 λέξον.
1304 450 1525 491 Similitudo
1555 463 1684 502 quae-

139 516 230 556 dam
260 516 400 556 horum
430 522 517 565 est,
553 518 625 558 sed
661 518 848 570 fortuita,
879 524 920 559 ut
949 525 1043 572 puto
1068 551 1079 570 ,
1110 533 1197 560 cum
1236 522 1398 573 verbis,
1442 534 1544 575 quae
1575 523 1681 562 idem

136 588 376 640 Apollonius
419 590 514 630 ibid.
548 591 587 630 in
623 592 892 644 disputatione
937 592 1041 642 alia,
1078 593 1270 646 Excerpt.
1303 607 1339 647 p.
1376 595 1470 635 432.
1505 595 1547 635 C.
1580 595 1684 648 apud

138 660 364 701 Bekkerum
395 675 431 714 p.
460 663 556 703 396.
587 664 628 704 C.
659 665 838 719 profert,
868 665 1102 705 Alcmanis:
1134 665 1184 704 τα
1214 663 1294 704 fea·
1319 667 1461 706 κάδεα.

252 735 479 788 Sequuntur
507 749 609 788 quae
638 737 769 789 paullo
803 742 895 777 ante
924 738 1106 790 promisi,
1137 749 1302 789 quorum
1321 749 1531 778 commune
1552 739 1686 791 quod-

141 806 232 846 dam
263 806 563 848 fundamentum
594 813 667 848 est.
715 808 773 848 Ea
795 809 903 859 dico,
934 821 1036 861 quae
1058 808 1108 849 ad
1140 821 1351 861 personam
1373 822 1518 862 resque
1539 812 1685 852 Thesei

138 880 364 931 pertinent,
396 880 461 919 vel
493 892 543 920 eo
568 881 797 921 reseruntur
829 881 1172 922 demonstratione
1205 883 1413 934 probabili.

253 952 424 992 Primum
458 952 600 993 horum
631 958 719 993 esto
751 954 1030 1006 Fragmentum
1065 954 1229 995 CCCXI.

733 1023 779 1066 τὸ
815 1027 850 1066 δ’
887 1027 1028 1078 ἑγκυτί
1058 1029 1198 1067 τέκνον
1232 1027 1407 1079 ὲκέρσω.

142 1095 258 1143 Quod
287 1097 340 1135 ita
374 1096 556 1148 accipio,
586 1096 763 1136 Hecaten
797 1103 1008 1150 postquam
1041 1097 1106 1137 diu
1137 1109 1274 1137 secum
1315 1099 1455 1138 mirata
1501 1103 1610 1139 esset
1647 1100 1688 1140 in

141 1167 300 1207 Theseo
333 1168 578 1221 singularem
609 1169 841 1222 capillorum
874 1170 1066 1221 habitum,
1100 1182 1222 1221 nunc,
1254 1181 1370 1221 quum
1393 1172 1503 1210 venit
1536 1176 1690 1224 tempus

143 1250 290 1278 secure
323 1243 442 1290 atque
475 1240 606 1280 otiose
639 1240 918 1292 colloquendi,
951 1241 1004 1280 ita
1037 1241 1215 1281 exordiri
1247 1242 1515 1295 colloquium,
1544 1248 1586 1284 ut
1624 1245 1691 1284 in-

148 1315 355 1363 terroget,
386 1311 492 1351 unde
525 1312 576 1352 sit
604 1311 762 1352 habitus
794 1314 884 1353 iste.
941 1314 1105 1354 Praeter
1144 1314 1307 1356 Suidam
1353 1316 1393 1355 in
1434 1329 1472 1355 v,
1512 1315 1571 1356 Ἐν
1597 1316 1690 1373 χρῷ

137 1384 306 1435 respicit
337 1383 621 1424 Callimachum
652 1384 758 1424 idem
788 1384 934 1425 Suidas
965 1399 1004 1426 v.
1030 1385 1207 1438 Ἐγκυτί.
1269 1392 1348 1427 tuin
1376 1388 1471 1428 Lex.
1491 1389 1569 1430 MS.
1589 1390 1687 1442 Reg.

139 1455 264 1495 Paris.
296 1455 398 1508 apud
428 1455 656 1495 Ernestium
687 1461 727 1496 et
756 1457 936 1497 Zonaras
967 1458 1181 1498 Tittmanni
1213 1471 1249 1511 p.
1272 1459 1366 1500 612.
1396 1461 1482 1500 sic:
1516 1461 1689 1513 Ἐγγυτί.

138 1526 236 1567 ἀντί
266 1528 340 1566 τοῦ
373 1524 505 1579 ἐγγύς.
567 1524 703 1575 οὕτως
736 1531 1032 1581 Καλλίμαχος.
1087 1531 1262 1583 denique
1293 1531 1466 1572 Ioannes
1493 1533 1691 1574 Dindorfii

138 1611 175 1651 p.
199 1599 266 1649 37,
302 1601 364 1639 1‘2.
397 1598 466 1650 38,
500 1600 565 1640 23.
596 1601 700 1652 apud
732 1613 848 1653 quem
879 1603 1092 1655 utrobique
1122 1603 1175 1644 σύ
1199 1605 1236 1643 δ’
1265 1609 1306 1645 et
1335 1605 1482 1658 ἑγκυτί
1506 1605 1688 1647 habetur.

142 1670 199 1710 Cf.
234 1676 270 1710 et
301 1671 540 1723 Hesychius.
600 1673 844 1727 Etymologo
878 1687 914 1726 p.
944 1675 1049 1725 311,
1082 1677 1148 1716 40.
1210 1681 1360 1717 tantum
1401 1679 1687 1719 Archilochum

141 1754 199 1795 tp.
230 1745 297 1784 91.
335 1744 399 1783 ed.
447 1745 597 1785 Liebel.
638 1747 795 1798 Fragm.
833 1747 983 1787 XCVII.
1031 1748 1093 1788 ed.
1134 1749 1284 1798 Gaisf.)
1330 1751 1563 1801 obversari,
1607 1764 1688 1791 non

148 1816 460 1868 Callimachum,
492 1823 600 1871 puto.
660 1819 833 1860 Differre
879 1821 984 1860 inter
1012 1822 1298 1862 Archilochum
1334 1826 1374 1860 et
1407 1823 1690 1864 Callin‘iachum

148 1889 199 1928 de
231 1906 243 1929 ι
274 1889 403 1929 littera
435 1901 550 1941 quam
583 1889 649 1930 ille
677 1891 875 1942 producit,
904 1890 970 1931 hic
1002 1893 1179 1944 corripit,
1210 1894 1400 1932 monitum
1435 1906 1455 1932 a
1486 1893 1690 1934 Blomliel-

149 1962 215 2002 dio
246 1963 284 2002 in
315 1961 446 2002 Gloss.
477 1962 628 2002 Aesch.
661 1962 791 2002 Prom.
820 1948 916 2003 916.
980 1964 1255 2004 Coniiciebam
1294 1964 1535 2017 aliquando,
1572 1967 1692 2006 adiu-

148 2038 268 2073 vante
299 2034 547 2086 aliquatenus
578 2035 728 2075 Ioanne
748 2037 1037 2088 grammatico:
1068 2036 1107 2075 τί
1126 2037 1162 2076 δ’
1186 2034 1329 2088 ὲγκυτί
1348 2038 1490 2077 τέκνον
1509 2038 1690 2090 ἑκέρσω;

149 2108 242 2147 Sive
272 2107 352 2147 hoc
380 2107 528 2160 legas,
571 2109 660 2148 sive
701 2107 744 2149 τό
791 2110 842 2162 δ”,
889 2110 1026 2162 utique
1069 2109 1230 2149 videtur
1275 2109 1540 2161 interrogatio
1586 2122 1691 2151 esse.

149 2180 371 2220 'sensuram
402 2181 608 2233 intelligo,
642 2192 745 2233 quae
773 2182 934 2234 propria
965 2182 1151 2232 Theseo,
1191 2186 1355 2221 tonsura
1399 2181 1492 2221 inde
1535 2182 1695 2236 Θησηΐς

153 2251 294 2309 (Ιίεῐει.ν
332 2252 562 2293 Plutarchus
581 2252 699 2292 Thes.
732 2265 767 2293 c.
793 2255 831 2293 5.
862 2253 934 2303 (cf.
953 2254 1085 2294 Tzctz.
1110 2255 1148 2293 in
1165 2254 1362 2306 Lycophr.
1390 2249 1695 2304 1133.)’Έθους

153 2323 199 2364 δὲ
233 2317 352 2371 ὄντος
382 2322 444 2364 ἔτι
475 2324 568 2366 τότε
599 2323 698 2372 τοὺς
728 2327 1059 2377 μεταβαίνοντας
1096 2325 1142 2366 ἐκ
1183 2326 1369 2375 παίδων,
1400 2323 1604 2372 ἐλθόντας
1634 2325 1695 2372 εἰς

151 2395 363 2448 Δελφούς,
395 2390 671 2449 ἀπάρχεσθαι
701 2396 757 2452 τῷ
790 2397 876 2452 θεῷ
907 2397 981 2450 τῆς
1008 2396 1152 2450 κόμης,
1185 2393 1384 2451 ἢλθεμὲν
1414 2398 1474 2445 εἰς
1496 2395 1695 2450 Δελφούς

153 2465 173 2505 ὁ
215 2465 398 2521 Θησεύς,
432 2470 506 2509 καί
543 2467 669 2508 τόπον
701 2469 772 2510 ἀπ’
803 2469 937 2510 αὐτοῦ
967 2469 1043 2522 την
1077 2472 1264 2524 Θησείαν
1293 2469 1356 2511 ἔτι
1387 2470 1463 2511 νῦν
1494 2468 1695 2520 ὀνομάζε-

152 2539 256 2578 σθαι
299 2540 518 2589 λέγουσιν·
579 2540 771 2593 ἐκείρατο
816 2542 862 2581 δὲ
899 2542 971 2594 τῆς
1010 2545 1196 2597 κεφαλῆς
1235 2541 1287 2583 ἰα’
1328 2539 1515 2592 πρόσθεν
1554 2544 1694 2594 μόνον,

154 2605 500 2663 ὡ’σπερ“’ομηρος
543 2609 626 2665 ἔφη
653 2607 1006 2664 τούς”Αβαντας·
1064 2615 1138 2654 καί
1177 2615 1296 2654 τοῦτο
1336 2615 1409 2665 τῆς
1453 2614 1609 2664 κουρᾶς
1646 2609 1693 2653 τό

151 2682 269 2732 γένος
303 2681 464 2735 Θησηῒς
494 2681 729 2737 ω’νομάσθη
761 2684 814 2724 δι’
847 2684 1017 2726 ἐκεῖνον.
1078 2685 1136 2725 Cf.
1170 2684 1399 2725 Eustathius
1435 2684 1487 2724 ad
1514 2684 1556 2725 lt.
1579 2685 1625 2725 lt.
1655 2697 1693 2737 p.

158 2753 251 2803 165,
273 2759 311 2798 7.
373 2755 432 2794 De
462 2754 571 2805 loco,
602 2755 766 2807 Delphis
796 2768 846 2796 an
877 2757 993 2806 Delo,
1024 2757 1289 2797 differentiam
1311 2757 1542 2797 observavit
1559 2757 1696 2798 Meur-

154 2825 240 2865 sius
273 2825 313 2866 in
344 2825 502 2866 Theseo
539 2837 573 2866 c.
605 2826 642 2865 2.
701 2826 744 2866 ln
777 2837 829 2866 eo
863 2830 1053 2868 tonsurae
1082 2840 1236 2882 genere
1265 2840 1360 2882 pars
1398 2830 1539 2885 capitis
1578 2834 1697 2872 ante-
