1856 3126
830 119 1106 158 ...50—

207 243 459 293 apposuerat,
494 242 662 290 reputet,
696 248 744 277 ea
774 237 898 277 verba
925 237 976 277 ibi
1009 241 1155 277 tanturn
1178 237 1226 275 ad
1249 235 1585 288 comprobandam
1607 235 1728 275 dativi

208 312 402 359 formam,
432 310 637 360 Λωδιόνι,
676 309 857 362 apposita
898 321 990 349 esse
1022 321 1044 348 a
1075 309 1288 361 Stephano.
1363 308 1470 361 Ergo
1517 320 1634 360 quum
1679 306 1730 346 de

205 381 420 436 proverbio
451 380 587 420 dicere
616 380 840 432 coepisset,
871 380 1006 420 maluit
1036 382 1243 433 scriptoris
1274 380 1396 430 alius,
1427 379 1592 431 eiusque
1622 379 1730 417 anti—

205 454 370 508 quioris,
400 452 629 492 testimonio
660 451 729 502 uti,
759 463 873 503 quam
906 452 953 491 ad
985 451 1184 491 laudatum
1214 456 1304 491 ante
1338 451 1415 491 alio
1447 450 1615 500 consilio
1637 449 1730 489 Cal·
1763 490 1766 492 ,

205 525 416 566 limachum
457 524 642 576 relegare
687 523 871 562 lectores.
943 523 1171 562 Callimachi
1210 523 1330 575 ipsius
1376 523 1597 574 fragmenta
1641 525 1731 560 sunt

204 597 307 649 apud
339 595 578 648 Stephanum
609 606 658 634 eo
689 595 781 635 loco
822 596 923 645 duo,
954 596 1078 647 probe
1112 608 1132 637 a
1163 607 1208 634 se
1240 596 1410 634 invicem
1449 593 1749 642 discernenda„

204 673 247 709 ut
277 673 368 708 sunt
410 680 432 706 a
472 667 650 707 Bentleio
692 667 879 706 discreta.
939 668 1091 716 Unum,
1140 666 1189 705 de
1230 677 1308 717 quo
1354 666 1471 717 coepi
1517 665 1731 716 disputare,

205 740 361 792 Fragm.
390 738 547 781 CCCVI.
610 739 785 779 Alterum
817 752 868 779 ex
905 741 1111 780 Aeliorum
1153 738 1361 789 secundo,
1394 739 1458 778 ubi
1492 737 1542 777 de
1573 738 1730 790 origiue

206 812 402 852 Dodonae
437 811 606 850 fabulam
651 815 767 862 poeta
805 814 1068 859 tractaverat,
1109 808 1215 861 quod
1260 808 1439 848 Bentleio
1482 814 1543 848 est
1575 809 1729 861 Fragm.

204 883 343 924 XXIV.
379 881 429 922 ad
462 894 578 934 quem
611 881 741 922 locum
775 894 855 921 non
889 882 1023 921 dubito
1054 882 1145 933 quin
1175 882 1402 932 pertineant
1439 879 1517 920 duo
1546 881 1730 932 neglecta

205 954 334 994 adhuc
364 954 536 1006 insignia
581 953 743 992 frustula
774 952 1030 1003 Callimachi,
1062 965 1164 1004 quae
1205 964 1256 991 ex
1287 953 1459 993 Scholiis
1488 952 1731 991 Victorianis

203 1027 379 1078 fleynius
411 1025 460 1064 ad
498 1024 608 1064 Iliad.
640 1025 740 1064 XVl.
774 1022 866 1063 254.
896 1028 935 1062 et
967 1024 1059 1062 235.
1091 1023 1221 1074 Suppl.
1255 1023 1297 1064 Τ.
1325 1024 1404 1063 Vll.
1438 1036 1474 1075 p.
1504 1024 1598 1065 785.
1630 1035 1730 1075 pro-

204 1098 371 1138 tulerat:

425 1167 608 1219 κρηνέων
636 1167 670 1204 τ’
702 1160 885 1220 Εϋρώηῃ
913 1167 1177 1216 μισγομένων
1205 1161 1371 1205 ἓκατόνῑ

177 1245 243 1285 ,ιη
274 1251 379 1278 nune
406 1237 612 1277 Bekkerus
645 1235 845 1284 exhibuit,
880 1247 997 1288 quum
1039 1236 1214 1288 Heynius
1242 1238 1450 1289 κρηναίων
1480 1237 1511 1276 τ’
1546 1235 1731 1291 Εὕραὶηῃ

202 1312 487 1362 μισγομένων,
520 1308 670 1347 omisso
709 1303 876 1358 ἑκατὸν,
911 1308 1109 1347 dedisset:
1157 1305 1342 1359 Εὐρώπη
1383 1308 1642 1360 intelligenda
1672 1319 1734 1356 ea,

206 1382 256 1420 de
296 1392 372 1432 qua
418 1379 559 1419 eadem
600 1378 732 1421 Schol.
762 1379 960 1422 Vict.,ad
1001 1391 1159 1419 versum
1202 1379 1362 1419 Homeri
1408 1380 1733 1432 praecedentem,

208 1452 362 1492 Oceani
392 1451 495 1491 lilia:
525 1450 577 1491 cs.
609 1449 774 1491 Hesiod.
804 1449 956 1502 Theog.
988 1450 1083 1492 357.
1153 1450 1317 1505 „deinde
1347 1450 1397 1489 ad
1428 1464 1465 1490 v.
1496 1450 1590 1490 235.
1627 1448 1732 1489 hoc:

918 1516 1025 1563 οἷσιν
1053 1517 1223 1561 ἄθικτον

473 1591 691 1644 σάμβαλον
724 1593 922 1633 αὐλείους

207 1670 249 1705 ut
279 1664 559 1705 Callimachum
591 1664 818 1715 scripsisse,
848 1668 914 1703 aut
944 1664 1121 1716 poluisse
1150 1663 1329 1703 scribere
1360 1664 1555 1703 coniicio:
1589 1662 1740 1714 quibus*

205 1736 357 1775 intacta
387 1734 584 1774 vestibulo
615 1735 740 1784 solea,
769 1735 832 1774 vel
861 1734 1003 1786 quibus
1035 1746 1238 1786 nunquam
1259 1736 1371 1774 solea
1393 1734 1521 1786 attiqit
1549 1734 1732 1773 vestibu-

202 1806 294 1845 lum.
342 1805 392 1844 cf.
426 1804 689 1844 Callimachus
723 1804 759 1845 h.
787 1806 901 1845 Dian.
938 1806 1032 1846 201.
1065 1805 1241 1857 μύρτοιο
1284 1808 1329 1846 δὲ
1372 1810 1511 1858 χεῖρες
1550 1800 1727 1845 ἄθικτοι.

205 1874 407 1928 σάμβαλα
441 1876 539 1916 dixit
579 1877 774 1915 Diotimus
819 1876 952 1928 Epigr.
998 1876 1042 1915 ΙΙ.
1077 1875 1113 1915 ὃ.
1162 1876 1302 1924 (Anth.
1334 1876 1451 1916 Palat.
1490 1875 1518 1914 Ι.
1547 1887 1582 1926 p.
1613 1875 1730 1923 274.)

208 1943 454 1998 α’σάμβαλος
481 1947 645 1987 Nonnus
673 1949 898 1999 aliquoties,
929 1947 1029 1987 locis
1058 1948 1106 1987 ab
1133 1948 1255 2000 lntpp.
1277 1949 1446 2000 Hesych.
1471 1960 1508 1989 v,
1525 1946 1730 1998 Σάμβαλα

207 2023 247 2058 et
276 2020 325 2059 ab
354 2019 538 2059 Iacobsio
568 2019 761 2067 laudatis3
805 2017 978 2069 denique
1009 2018 1247 2070 locupletior
1281 2021 1340 2059 his
1372 2022 1506 2069 testis,
1537 2021 1621 2071 ipse
1652 2019 1730 2068 ille,

207 2095 250 2130 ut
277 2096 397 2142 puto,
429 2094 491 2131 cui
531 2091 652 2130 debet
691 2091 927 2142 exquisitum
962 2091 1198 2131 vocabulum
1231 2091 1515 2141 Callimachus,
1547 2091 1730 2131 Eumelus

210 2163 313 2214 apud
345 2163 510 2204 Pausan.
543 2162 604 2201 lV.
635 2161 703 2211 33,
732 2163 768 2200 2.
825 2161 1003 2212 Heynius
1039 2174 1089 2201 ex
1119 2163 1252 2202 Schol.
1285 2163 1382 2202 Vict.
1415 2163 1600 2202 dederat:
1632 2161 1730 2215 ἧσεν

209 2234 356 2280 εκδους
384 2236 600 2284 συμβαλον
630 2234 826 2281 αυλειου,·
857 2231 1078 2272 Bekkerusz
1113 2227 1210 2285 ἧσεν
1240 2232 1386 2280 ἐκδούς
1413 2231 1632 2284 σάμβαλον
1651 2232 1732 2274 αὕ-

210 2303 336 2344 λείου.
401 2303 480 2344 Sed
512 2308 554 2343 ut
596 2303 687 2343 illuc
728 2308 933 2354 revertar,
979 2309 1069 2343 ante
1115 2306 1247 2343 omnia
1289 2304 1640 2356 redintegrandum
1685 2317 1732 2345 ac

209 2375 316 2415 bona
352 2377 413 2416 sui
455 2380 594 2428 parte,
642 2387 744 2428 quae
791 2375 929 2414 deerat
968 2376 1071 2427 apud
1110 2376 1378 2427 Stephanum,
1412 2377 1636 2429 augendum
1671 2381 1732 2416 est

209 2447 362 2499 Fragm.
398 2448 557 2488 CCCVI.
615 2447 657 2486 Id
692 2446 796 2498 quod
829 2459 880 2485 ex
908 2447 1170 2487 Constantino
1200 2447 1373 2487 Lascare
1406 2447 1499 2488 fecit
1530 2448 1732 2488 Blomiiel-

212 2517 322 2567 dius3
356 2530 430 2558 nos
473 2531 578 2558 nunc
612 2531 662 2558 ex
701 2518 766 2557 illo
801 2519 887 2569 ipso
908 2550 918 2569 ,
960 2531 1010 2558 ex
1044 2531 1119 2570 quo
1161 2532 1229 2559 sua
1263 2519 1389 2558 hausit
1417 2519 1627 2569 Lascaris,
1657 2520 1733 2560 nisi

211 2588 341 2637 fallor,
370 2590 658 2630 Choerobosco
692 2590 862 2630 Bekkeri
903 2590 1057 2630 Anecd.
1089 2590 1150 2629 lll.
1181 2603 1216 2642 p.
1253 2591 1370 2630 1928.
1427 2591 1662 2643 Apponam‚
1692 2595 1734 2630 ut

210 2665 489 2711 comparentur
520 2675 607 2702 cnm
645 2662 958 2710 Choerohosc0,
991 2663 1112 2702 verba
1145 2663 1391 2703 Constantini
1422 2663 1634 2712 Lascaris,
1665 2664 1730 2714 qui

210 2742 292 2770 non
322 2735 381 2770 est
411 2732 448 2770 in
481 2734 654 2773 omnium
679 2734 876 2781 manibus,
907 2747 957 2774 ex
986 2734 1086 2774 libro
1111 2734 1400 2774 Grammaticae
1432 2734 1570 2772 tertio:
1601 2731 1733 2786 εὑρή-

208 2814 295 2848 σεις
326 2801 372 2841 δὲ
412 2802 483 2840 καί
511 2800 624 2855 παρὰ
658 2809 845 2858 ποιηταῖς
888 2801 1081 2852 τοιαύτας
1112 2802 1279 2854 δοτικὰς
1316 2805 1572 2851 πεπονθυίας
1602 2819 1731 2856 μετα-
