1856 3126
749 117 1026 155 ..34-

128 234 295 284 Rhodii,
327 233 413 272 eius
443 233 709 272 testimonium
741 234 792 272 ita
824 237 1096 284 comparatum
1130 237 1212 280 est,
1250 237 1291 272 ut
1321 232 1469 284 aliquid
1509 233 1655 273 admit-

128 311 213 346 tere
247 304 506 345 dubitationis
542 303 671 344 videri
703 309 832 356 queat.
890 305 1001 344 Haec
1042 304 1147 344 enim
1187 308 1248 343 est
1296 304 1346 343 ad
1384 303 1654 355 Apollonium,

126 377 192 417 ubi
218 376 283 415 hic
316 386 457 415 versus
486 380 617 416 exstat
644 377 671 417 Ι.
700 376 816 417 1309.
848 377 920 416 καί
949 373 999 417 τά
1030 377 1108 427 μὲν
1140 372 1196 422 ὥς
1230 371 1380 428 ἤμελλε
1408 373 1514 427 μετὰ
1545 374 1655 429 χρό-

121 461 189 487 νον
233 445 525 498 ἐκτελέεσθαι,
574 448 802 500 interpretis
844 447 985 501 graeci
1025 448 1256 487 annotatio:
1305 444 1590 499 Καλλιμάχου
1630 447 1652 487 ὃ

123 515 279 568 στίχος.
339 517 428 567 vel,
459 517 568 570 quod
600 518 705 558 idem
737 523 823 569 est,
853 519 892 558 in
919 517 1055 559 Schol.
1089 517 1304 558 Parisinis:
1335 540 1384 546 ——
1417 518 1563 568 στίχον
1590 513 1655 557 εἷ’-

123 586 199 625 ναί
224 600 333 639 φασι
367 587 664 641 Καλλιμάχου.
724 588 767 629 Id
801 588 943 641 aliquis
978 589 1030 628 ita
1072 587 1296 639 acceperit,
1327 587 1431 639 apud
1465 587 1654 627 Callima-

123 657 240 697 chum
268 670 349 698 non
379 658 551 698 eundem
581 670 753 711 versum,
787 659 860 699 sed
891 664 967 698 tam
1000 657 1166 697 similem
1191 657 1328 706 fuisse,
1361 662 1404 697 ut
1431 657 1537 698 idem
1558 670 1652 699 esse

122 727 251 769 videri
282 733 431 782 posset.
492 729 637 770 Verum
679 729 757 770 hoc
794 732 828 770 si
869 729 1063 769 voluisset
1096 730 1292 780 interpres
1321 729 1545 781 Apollonii,
1579 731 1651 784 sic,

122 804 233 852 puto,
265 801 517 853 scripsisset:
551 797 633 840 α’πὸ
670 800 954 852 Καλλιμάχου
987 798 1006 838 ὁ
1031 798 1185 850 στίχος,
1209 803 1248 837 et
1276 798 1498 840 addidisset
1522 801 1650 852 ipsum

122 884 283 913 versum
318 873 562 913 Callimachi.
622 873 739 913 Certe
771 874 831 912 sic
863 873 1116 912 accuratius:
1152 877 1193 911 ut
1225 873 1265 911 in
1299 884 1344 912 re
1379 872 1496 912 simili
1523 873 1652 913 inter-

122 955 216 996 pres
257 944 431 998 loquitur
458 946 739 997 Aristophanis
774 944 951 986 Acharn.
988 944 1081 984 891.
1122 943 1261 992 (883).
1330 943 1498 984 Versum
1535 945 1653 997 plane

122 1015 293 1056 eundem
326 1017 450 1057 fuisse
483 1017 585 1069 apud
616 1021 824 1067 utrumque
855 1016 974 1070 etiam
999 1016 1047 1054 H.
1067 1014 1289 1066 Stephanus
1320 1018 1456 1055 statuit
1487 1018 1526 1056 in
1557 1017 1653 1057 Cal-

119 1088 293 1128 limacho
339 1100 411 1128 suo
456 1102 492 1128 a.
527 1088 644 1127 1577.
688 1088 754 1126 ubi
796 1087 984 1127 nonnulla
1012 1086 1242 1126 Callimachi
1283 1087 1530 1140 fragmenta,
1577 1090 1650 1130 sed

119 1171 246 1212 pauca
279 1164 455 1211 tantum,
499 1165 538 1201 et
576 1159 853 1210 tumultuaria,
894 1164 937 1199 ut
967 1160 1054 1211 ipse
1096 1159 1265 1210 fatetur,
1297 1171 1418 1211 opera
1458 1161 1651 1215 colligere

122 1232 278 1283 coepit:
321 1244 357 1284 p.
389 1233 455 1272 72.
499 1232 622 1284 Apud
662 1232 828 1273 ezmdem
861 1231 1147 1281 (Scholiastem
1181 1231 1385 1284 Apollonii
1414 1232 1566 1283 Rhod.)
1597 1259 1652 1266 —

116 1315 263 1344 versus
280 1336 290 1356 ,
324 1305 392 1356 quz‘
431 1310 469 1344 et
507 1306 618 1357 apud
648 1306 779 1357 ipsum
807 1304 1063 1356 Apollonium
1092 1308 1228 1355 θεηταί,
1265 1304 1339 1344 secl
1365 1303 1416 1344 ab
1448 1316 1495 1344 eo
1525 1318 1653 1345 usur-

115 1381 266 1427 patus,
297 1389 416 1428 quum
444 1377 497 1416 sit
530 1377 787 1428 Callimachi,
820 1381 865 1415 ut
892 1376 957 1416 ille
986 1377 1065 1416 ait:
1107 1377 1197 1416 Καί
1225 1374 1272 1416 τὰ
1302 1377 1379 1425 μὲν
1411 1372 1468 1421 dic
1498 1371 1651 1429 ἤμελλε

119 1443 225 1506 μετὰ
260 1445 412 1498 χρόνον
442 1448 721 1489 ἐκτελέεσθαι.
782 1447 824 1486 In
855 1447 1091 1500 Fragmenta
1121 1445 1301 1486 Vulcanii
1319 1459 1354 1498 p.
1383 1446 1472 1486 134.
1509 1447 1651 1486 Annae

120 1517 160 1557 F.
192 1529 228 1570 p.
265 1517 355 1560 149.
394 1523 512 1571 atque
551 1519 646 1558 hinc
679 1520 719 1559 in
765 1518 858 1558 edit.
889 1518 1051 1558 Graevii
1082 1530 1117 1569 p.
1151 1516 1243 1557 234.
1303 1519 1461 1558 Ernest.
1489 1531 1527 1570 p.
1555 1516 1650 1559 340.

121 1589 228 1630 unde
259 1603 399 1631 versus
423 1591 653 1632 Callimachi
684 1593 744 1631 sic
777 1591 878 1631 male
899 1591 1091 1642 scriptus:
1124 1591 1197 1629 καί
1224 1588 1275 1630 τά
1306 1592 1385 1640 μὲν
1414 1589 1470 1638 ὥς
1499 1585 1652 1643 ἤμελλε

121 1659 226 1702 κατὰ
254 1663 407 1714 χρόνον
436 1661 690 1714 ἑκτελέεσθε,
724 1663 967 1714 pervenerit,
1001 1672 1083 1700 non
1118 1665 1277 1712 exputo.
1327 1660 1395 1701 Sic
1416 1672 1651 1713 congruen-

120 1737 197 1772 tem
240 1745 328 1772 cum
362 1734 604 1774 Callimacho
636 1733 891 1786 Apollonium
925 1745 1043 1785 supra
1086 1745 1122 1784 p.
1157 1732 1250 1773 546.
1285 1733 1479 1784 vidimus,
1511 1738 1551 1774 et
1582 1735 1649 1774 vi-

119 1805 299 1844 debimus
329 1806 485 1845 tertium
517 1806 557 1844 in
588 1805 743 1858 Fragm.
776 1804 895 1844 XLIV
915 1805 954 1843 ‘²⁴2
1014 1803 1125 1842 Haec
1158 1803 1251 1843 olim
1285 1802 1385 1843 furta
1417 1790 1491 1854 (cf.
1519 1804 1646 1846 Bentl.

54 1908 77 1918 ,,
101 1877 167 1917 'ad
198 1877 356 1930 Fragm.
393 1878 588 1928 CXXIV.)
634 1877 913 1930 appellabant,
955 1887 1030 1916 nos
1060 1876 1300 1916 imitationes
1329 1876 1531 1927 solemus,
1564 1877 1645 1925 vel,

115 1948 324 1988 mitissimo
358 1951 532 1990 omnium
577 1949 800 1999 vocabulo,
839 1947 1171 1987 reminiscentias.
1239 1946 1287 1986 Et
1332 1947 1372 1985 in
1412 1947 1642 1999 Apollonio,

115 2019 223 2058 bono
253 2024 398 2070 poeta,
429 2021 592 2060 omnino
625 2032 703 2060 non
734 2020 890 2060 tulerim
922 2020 1014 2059 furti
1045 2019 1378 2070 appellationem,
1410 2018 1565 2059 facilius
1602 2019 1642 2059 in

115 2090 283 2129 Nonno:
317 2103 553 2143 quamquam
573 2104 635 2130 .ne
666 2093 703 2131 in
731 2092 874 2132 Nonno
907 2090 1081 2143 quidem,
1111 2091 1145 2129 si
1178 2089 1278 2128 furta
1301 2088 1413 2128 dicas
1444 2101 1508 2140 ea,
1538 2101 1641 2142 quae

118 2163 205 2214 quis
236 2174 306 2201 sua
347 2169 512 2203 coactus
553 2164 706 2215 inopia,
749 2168 787 2202 et
828 2174 929 2214 quae
977 2161 1077 2201 clam
1127 2160 1344 2201 abstulerit.
1412 2161 1642 2202 Necessitas

117 2235 314 2287 spoliandi
345 2234 627 2275 Callimachum
659 2234 762 2273 nulla
792 2235 829 2273 ei
861 2238 961 2284 erat,
994 2232 1096 2284 apud
1127 2245 1241 2285 quem
1268 2233 1393 2284 ipsum
1418 2237 1456 2271 et
1487 2234 1644 2284 copiam

120 2308 350 2357 verborum,
378 2311 415 2346 et
449 2319 633 2360 magnam
666 2306 892 2347 facilitatem
924 2318 1066 2346 versus
1099 2305 1273 2344 faciendi
1314 2303 1437 2344 fuisse
1471 2305 1644 2345 manife-

117 2385 216 2418 stum
252 2383 339 2428 est3
381 2390 512 2430 neque
552 2379 653 2418 clam
688 2390 780 2417 esse
817 2378 1007 2426 Nonnus,
1049 2377 1154 2430 quod
1200 2378 1420 2416 imitaretur
1450 2377 1641 2418 Callima-

118 2451 231 2490 chum
255 2481 265 2500 ,
294 2449 366 2490 sed
396 2450 524 2502 magis
554 2462 664 2490 suam
703 2450 924 2490 doctrinam
957 2453 1161 2489 ostentare
1185 2450 1286 2488 scite
1315 2450 1544 2489 intexendis
1565 2461 1643 2490 vo-

118 2521 298 2572 cabulis,
343 2522 562 2572 membris,
606 2520 866 2560 hemistichiis
912 2521 1167 2571 Callimachi,
1218 2521 1439 2560 doctissimi
1483 2525 1641 2572 poetae,

117 2591 252 2630 voluit.
311 2592 358 2631 Ut
386 2603 435 2631 eo
470 2591 575 2641 loco,
602 2596 765 2644 propter
798 2603 914 2642 quem
944 2592 1045 2631 haec
1074 2591 1269 2644 disputata
1300 2597 1403 2642 sunt,
1434 2604 1550 2644 quem
1577 2592 1642 2631 lo-

117 2675 204 2703 cum
240 2662 430 2702 debemus
452 2664 677 2703 Ruhnkenii
704 2662 827 2714 Epist.
848 2664 931 2702 crit.
952 2662 999 2702 11.
1019 2674 1054 2714 p.
1078 2662 1170 2702 186.
1194 2663 1446 2716 diligentiae:
1479 2663 1521 2702 V.
1542 2663 1637 2702 211.

113 2733 260 2775 καὶτὰ
289 2737 366 2786 μὲν
395 2734 452 2781 (ὃς
488 2730 634 2788 ἤμελλε
664 2739 797 2788 γέρων
826 2736 976 2786 χρόνος
1009 2735 1087 2786 ὀψὲ
1116 2738 1322 2776 τελέσσαι.
1383 2735 1502 2774 Addo
1534 2734 1639 2775 XXI.

118 2805 206 2846 160.
237 2805 309 2845 καί
350 2804 400 2846 τὰ
444 2806 520 2856 μὲν
557 2804 612 2853 (ὃς
659 2802 808 2859 ἤμελλε
851 2808 985 2860 γέρων
1023 2802 1174 2859 χρόνος
1215 2803 1296 2855 ὀψὲ
1343 2807 1562 2857 τελέσσαι,
1601 2810 1641 2846 et
