1820 3141
783 133 1055 172 ...24-

163 253 307 293 usitata
337 251 539 300 corruptio
573 252 633 288 cst
662 247 812 290 Hecate
847 262 898 289 ex
925 248 1096 288 Hecale:
1132 253 1174 289 ut
1202 250 1242 291 iu
1271 248 1486 300 Petronio,
1516 252 1558 289 et
1589 259 1682 289 mo-

162 323 346 363 nentibus
375 321 442 360 Pio
473 319 751 372 Beroaldoquc
781 322 818 360 in
839 321 1012 370 Ovidi03
1041 325 1082 360 et
1111 321 1151 360 in
1180 320 1292 360 Plinii
1318 319 1436 359 novis
1465 319 1678 369 codicibus,

164 399 206 435 ut
239 392 450 432 l'olitianus
481 391 632 431 scribit.
689 405 780 432 rara
811 391 953 432 eadem
982 393 1022 432 in
1051 392 1164 431 libris
1195 392 1378 444 graecis:
1413 392 1576 432 unicum
1605 401 1678 429 cx-

165 464 331 515 emplum
363 462 492 502 habeo
523 463 562 502 in
592 463 770 514 Iuliano,
807 464 990 504 codicem
1021 463 1182 515 Heyleri
1212 462 1257 502 G.
1298 461 1364 513 qui
1396 474 1418 501 e
1446 464 1681 501 correctura

163 538 445 586 repraesentat
466 531 659 587 Ἑκάτης.
719 547 809 574 nam
850 536 889 574 in
920 535 1246 586 Etymologorum
1276 532 1377 572 locis
1409 544 1449 572 v.
1480 531 1682 584 Εὐκολίνὴ

165 620 228 646 mc
258 618 338 645 non
376 606 511 645 l'acerc
544 617 632 645 cum
661 606 840 646 Bentlcio
863 606 1198 657 Ruhnkenioque,
1225 606 1302 644 iam
1327 603 1588 656 significatum
1608 605 1682 641 est.

166 679 219 718 At
249 679 290 717 in
322 676 496 717 Plautum
527 689 604 729 quo
646 678 804 717 tandem
836 677 1006 718 consilio
1036 681 1103 716 aut
1142 687 1260 728 quem
1287 676 1328 715 in
1363 675 1480 714 finem
1509 671 1719 713 Hecaten*

168 750 383 790 intulerunt
411 750 487 789 viri
516 749 660 790 docti?
718 750 825 790 Unus
859 754 898 789 et
927 749 1026 790 alter
1057 752 1220 801 propter
1248 750 1440 797 aetatem,
1471 750 1515 786 ut
1541 753 1687 785 sensus

167 823 242 862 sit:
272 833 473 874 nunquam
504 821 575 861 fies
608 832 720 861 anus.
781 821 895 869 Quod
919 820 1094 861 Hecalen
1127 819 1279 869 attinet,
1306 829 1387 858 non
1417 816 1539 857 male:
1572 816 1687 855 cuius

168 894 287 932 etiam
316 896 564 932 senectutem
595 892 795 932 celebrem
826 893 951 932 fuisse
980 896 1020 931 ct
1051 891 1201 931 abiisse
1235 891 1275 930 in
1308 887 1564 942 proverbium
1595 897 1689 927 cre-

169 963 291 1003 dibile
321 967 393 1002 cst.
452 967 493 1002 ut
523 962 572 1002 ab
606 963 685 1003 hac
715 968 827 1015 parte
849 964 1048 1004 assentiar
1077 963 1106 1003 l.
1134 961 1299 1002 Mellero
1327 959 1519 1001 Palmcrio
1549 961 1690 998 contra

170 1033 334 1074 Vallam.
391 1033 471 1074 Sed
504 1038 644 1074 contra
674 1046 836 1074 sensum
868 1034 1017 1085 Plauti,
1060 1038 1099 1074 et
1139 1038 1280 1073 contra
1323 1043 1484 1072 sensum
1525 1030 1689 1070 omnino

171 1118 353 1154 omnem,
381 1105 417 1144 si
447 1104 604 1155 quidem
635 1104 713 1144 hoc
743 1116 824 1143 non
847 1109 910 1144 est
940 1106 980 1144 in
1010 1107 1208 1155 potestate
1239 1103 1379 1153 lenae,
1410 1102 1692 1153 sempiternam

171 1182 377 1230 praestare
407 1177 621 1216 iuventam.
677 1176 772 1227 Alii,
805 1177 910 1216 inter
937 1186 1038 1228 quos
1068 1175 1174 1225 Pius,
1205 1174 1346 1226 quibus
1374 1173 1582 1213 Petronius
1614 1172 1694 1212 im-

171 1250 379 1301 posuisse,
410 1253 449 1288 ct
480 1249 651 1288 maxime
683 1246 851 1287 Ovidius
885 1246 1067 1297 videtur,
1094 1251 1292 1298 tamquam
1323 1242 1591 1284 mendicitatis
1618 1253 1696 1282 ex-

173 1320 342 1372 emplum
371 1320 548 1359 Hecalen
579 1320 749 1371 proponi
780 1332 802 1359 a
828 1319 964 1358 Plauto
994 1329 1203 1358 censuere.
1262 1317 1427 1356 Prorsus
1458 1319 1599 1356 contra
1628 1314 1698 1355 hi-

180 1392 344 1432 storiam
375 1391 460 1431 sive
491 1391 678 1431 fabulam.
737 1390 821 1430 Fuit
840 1389 987 1429 Hecale
1008 1401 1172 1442 pauper,
1191 1387 1455 1437 fuitmstica3
1482 1385 1696 1439 hospitium

176 1465 262 1504 cius
295 1468 413 1503 tenue
447 1463 546 1512 (τοῦ
577 1463 746 1502 δείπνου
778 1459 823 1501 τὸ
859 1459 973 1500 λιτόν
1001 1461 1188 1510 Iulian.):
1226 1473 1310 1501 non
1340 1460 1465 1500 ruisse
1495 1461 1697 1511 egentem,

177 1547 259 1575 non
287 1535 524 1583 mendicam,
556 1533 640 1584 ipse
659 1532 840 1583 Ovidius,
875 1534 939 1585 qui
971 1534 1008 1573 ei
1041 1534 1205 1586 opponit
1231 1532 1348 1583 Irum,
1377 1531 1590 1584 significat,
1619 1540 1703 1569 ue-

179 1618 256 1658 que
291 1605 493 1645 celebrata
536 1616 559 1643 a
602 1603 843 1643 Callimacho
887 1604 1053 1655 aliisque
1097 1602 1344 1655 hospitalitas
1387 1603 1428 1642 in
1470 1600 1698 1641 mendicam

180 1677 299 1716 cadit.
413 1676 475 1716 Ac
502 1675 642 1715 nescio
679 1686 729 1714 an
759 1686 840 1714 non
870 1676 922 1714 ita
956 1679 1036 1715 tum
1067 1679 1163 1714 nota
1197 1674 1350 1714 Romae
1379 1673 1498 1713 fuerit
1531 1671 1696 1723 Hecale,

179 1753 220 1788 ut
250 1748 406 1788 Plautus
436 1759 584 1787 nomen
613 1747 692 1786 hoc
724 1758 802 1786 non
835 1746 962 1786 solum
992 1757 1145 1798 ponere
1174 1746 1214 1784 in
1247 1744 1483 1795 comoedia,
1515 1743 1589 1784 sed
1617 1754 1697 1795 po-

181 1831 280 1858 ncrc
311 1821 391 1870 sic,
420 1818 624 1872 proverbii
655 1818 771 1868 loco,
799 1819 984 1870 potuerit.
1043 1818 1161 1858 Certe
1200 1817 1307 1869 quod
1336 1817 1388 1857 ad
1414 1816 1546 1856 locum
1573 1815 1698 1855 Plauti

184 1891 399 1931 Salmasius
430 1890 658 1930 annotavit:
690 1889 797 1929 Nota
825 1889 974 1930 Hecale
1002 1889 1045 1929 in
1072 1889 1277 1930 comoedia
1310 1887 1484 1940 palliata
1508 1898 1699 1939 pauper-

183 1967 263 2001 tate
292 1962 458 2013 insignis
488 1972 619 2000 auus:
651 1972 729 2013 ego
760 1973 783 2000 c
813 1961 1024 2001 comoedia
1051 1961 1211 2013 palliata
1241 1959 1339 1999 nihil
1371 1959 1627 1999 observatum
1648 1957 1699 1997 de

180 2032 330 2072 llccalc
380 2032 526 2072 hach.
597 2033 735 2084 Neque
781 2032 1015 2072 Salmasium
1066 2031 1190 2072 credo
1244 2031 1453 2084 quicquam
1497 2029 1700 2070 habuisse.

184 2104 365 2143 Coniccit
396 2103 501 2153 hoc,
529 2108 822 2144 monstraturus
851 2104 1049 2156 probabili
1090 2103 1263 2155 quodam
1293 2102 1440 2153 modo,
1468 2100 1575 2142 unde
1604 2103 1701 2139 nota

182 2175 318 2214 Plauto
349 2174 498 2214 Hecale
527 2175 668 2215 fuerit:
709 2176 866 2216 scilicet
905 2177 946 2215 in
980 2175 1232 2216 comoediam
1267 2174 1467 2226 palliatam
1495 2172 1703 2212 Romano-

183 2258 269 2286 rum
298 2248 459 2286 venisse
488 2258 637 2287 nomen
657 2259 679 2286 c
709 2246 933 2297 comoedia,
963 2258 1079 2300 quam
1109 2246 1175 2286 illa
1206 2246 1390 2296 imitatur,
1418 2254 1582 2297 graeca.
1611 2241 1701 2295 Ego

184 2318 280 2357 mihi
312 2317 431 2357 multo
477 2319 626 2358 rectius
669 2318 765 2358 illud
801 2330 919 2370 supra
963 2318 1174 2370 scripsisse
1215 2316 1384 2365 videor,
1422 2313 1703 2356 Calliiuachum

186 2391 434 2430 notissimum
468 2391 621 2430 cunctis
659 2395 863 2429 auctorem
896 2389 945 2429 de
976 2390 1096 2429 rebus
1124 2388 1296 2428 Hecales
1328 2387 1476 2437 fuisse,
1507 2390 1547 2426 et
1573 2385 1704 2426 multis

186 2461 292 2500 haud
321 2461 439 2500 dubie
468 2461 627 2501 unicum
657 2465 873 2500 auctorem.
921 2460 1038 2508 Quod
1067 2459 1224 2512 quidem
1252 2458 1303 2498 de
1324 2457 1513 2498 Romanis
1532 2457 1704 2497 maxime

190 2531 337 2570 dictum
369 2532 488 2572 volui.
545 2532 626 2572 Iam
658 2531 833 2571 Plautum
865 2532 966 2570 inter
994 2535 1032 2569 ct
1053 2528 1332 2570 Callimachum
1354 2539 1436 2568 non
1462 2532 1610 2569 tantum
1631 2526 1706 2567 suit

191 2604 358 2654 spatium
392 2605 596 2656 temporis,
625 2607 667 2643 ut
686 2603 850 2642 Comico
885 2602 1087 2653 proverbii
1117 2602 1239 2640 instar
1269 2611 1362 2640 esse
1380 2599 1528 2640 Hecale
1554 2602 1705 2651 posset.

191 2674 315 2726 lgitm·
360 2675 461 2725 apud
506 2676 678 2714 Plautum
716 2674 820 2715 haud
864 2674 981 2714 dubie
1013 2674 1164 2713 Hecate
1207 2671 1420 2725 legendum
1459 2676 1540 2711 cst:
1587 2681 1704 2723 quain

191 2743 323 2790 dcam,
353 2748 393 2782 ct
421 2745 487 2795 qui
518 2746 724 2795 rapiebant
755 2745 934 2796 apposita
965 2743 1140 2782 Hecatae
1167 2754 1377 2794 pauperes,
1404 2743 1471 2782 vili
1499 2742 1589 2782 cibo
1610 2753 1707 2793 par-

192 2827 318 2868 caque
351 2826 480 2854 coena
510 2820 720 2856 contentos
750 2816 872 2856 fuisse
894 2815 1108 2868 proverbio
1139 2818 1309 2865 constat,
1332 2812 1509 2868 Ἑκάτης
1529 2813 1707 2866 δεῖπνον,
