1856 3126
810 133 1109 172 —194—

211 257 249 293 et
281 252 494 293 Pausanias
526 250 698 300 tradunt,
729 251 901 300 diversa,
932 256 1049 304 atque
1081 252 1146 291 uui
1178 252 1355 304 propria,
1383 262 1496 303 quem
1527 250 1727 291 Conslan-
1775 296 1777 302 ,

212 327 288 364 tius
333 325 525 364 Fanensis
567 324 616 363 ad
657 325 789 364 Ovidii
831 325 943 364 locos
981 324 1084 364 hunc
1128 329 1167 364 et
1207 325 1328 365 ibidis
1371 338 1406 365 V.
1437 323 1535 366 409.
1578 325 1724 373 laudat,

209 397 352 437 Probo.
411 396 481 435 Vel
515 398 642 448 potius
674 409 752 436 non
786 397 941 450 Probo,
981 397 1052 436 sed
1084 397 1271 437 referenti
1311 399 1579 437 narrationem
1609 397 1725 437 Probi

207 470 425 521 Pomponio
464 469 611 509 Sabino
652 469 690 508 in
726 469 871 522 Georg.
904 469 931 510 1.
965 469 1059 509 399.
1093 482 1127 522 p.
1164 470 1253 510 102.
1322 469 1451 509 Verba
1496 469 1726 522 Pomponii:

215 540 338 580 Varia
367 540 501 592 opinio
534 541 581 580 de
605 541 757 593 oriyine
785 541 991 594 halcyonis
1021 545 1090 580 est.
1124 542 1165 580 in
1195 542 1324 581 altera
1352 541 1520 581 Ovidius
1547 542 1728 593 sequitur

208 613 468 663 Nicandrum,
500 613 541 652 in
571 614 701 652 altera
726 613 986 661 Theodorum,
1016 618 1058 652 ut
1086 613 1240 652 Probus
1270 614 1451 654 meminit.
1512 614 1622 666 Ceyx
1641 613 1727 653 Lu·-

208 686 324 739 ciserz'
351 684 471 737 filius,
505 690 567 735 (et
586 698 687 738 quae
717 691 944 739 sequuntur,
973 686 1168 727 simillima
1192 688 1393 727 Servianis
1413 687 1452 726 in
1475 687 1592 727 eund.
1613 686 1722 738 Virg.

206 759 335 799 locum
355 790 365 807 ,
399 758 666 810 aliorumque,
698 758 837 810 quibus
868 761 1057 799 convenit
1091 772 1178 799 cum
1212 761 1381 809 Servio,
1412 758 1640 811 disputatis)
1672 781 1727 788 —

207 831 337 870 Aliter
368 829 427 868 sic
458 833 667 868 narratur.
708 828 913 881 Halcyone
937 831 1022 881 filia
1055 830 1246 882 Scyrowis
1287 831 1415 883 fuisse
1441 835 1631 882 putatur,
1660 842 1727 883 cui

206 916 295 943 cum
323 907 444 954 pater
469 901 737 952 praeciperet,
766 908 809 941 ‘ut
840 904 1025 942 maritum
1056 909 1280 955 quaereret,
1313 903 1514 944 arbitrata
1543 908 1603 943 est
1626 915 1725 954 pro-

203 977 302 1016 mitta·
337 980 451 1027 (puto
479 974 673 1024 permitti)
706 974 807 1023 sibi,
840 980 883 1012 ut
915 975 1190 1014 concumberet
1226 989 1313 1015 cum
1340 977 1481 1027 quibus
1511 977 1637 1016 veltet.
1667 976 1726 1015 ita

205 1048 256 1087 ab
285 1048 389 1086 irato
420 1051 540 1097 patre
572 1046 724 1085 deiecta
752 1046 829 1097 fuit
868 1046 909 1084 in
945 1058 1083 1093 mare,
1118 1052 1155 1085 et
1185 1048 1384 1087 demutata
1417 1048 1459 1086 in
1496 1049 1726 1098 halcyonem

203 1133 330 1160 auem.
389 1120 481 1158 Tum
515 1124 601 1171 post
634 1120 730 1158 alia:
763 1118 918 1170 Scyron
949 1119 1252 1171 Polypltemouis
1278 1120 1384 1171 filius
1411 1119 1500 1171 fuit,
1529 1120 1633 1159 latro
1648 1131 1725 1158 uo-

203 1191 489 1232 minutissimus
520 1192 561 1229 in
603 1191 735 1231 Attica
776 1192 945 1243 reqione.
1006 1192 1067 1231 Ab
1102 1205 1147 1231 eo
1175 1191 1373 1243 Scyrom'a
1399 1203 1530 1242 sama,
1563 1191 1632 1230 ubi
1660 1193 1726 1231 la-

205 1263 509 1312 trocinabatur,
543 1265 746 1315 appellata
774 1269 876 1304 sunt.
909 1277 933 1304 a
969 1265 1117 1304 Theseo
1149 1265 1379 1317 interfectus
1412 1265 1500 1316 fuit.
1567 1265 1627 1304 De
1653 1264 1727 1304 Ni-

204 1337 344 1377 candri
374 1338 602 1377 testimonio
635 1349 683 1377 an
716 1343 872 1377 constet
902 1338 1071 1389 aliunde,
1105 1350 1208 1377 nunc
1243 1350 1323 1378 non
1356 1337 1528 1377 memini.
1585 1336 1724 1376 Theo-

206 1411 344 1450 dorum
375 1409 669 1462 intelligendum
704 1422 795 1450 esse
834 1423 948 1460 euin,
982 1423 1095 1462 quein
1127 1411 1354 1451 Plutarchus
1382 1410 1558 1449 Parallel.
1590 1422 1624 1449 c.
1658 1410 1722 1448 99.

205 1495 242 1535 p.
275 1484 368 1522 311.
398 1484 445 1522 A.
488 1485 530 1521 ἐν
565 1485 657 1528 ταῖς
687 1479 1112 1536 ΒΙεταμορφώσεσιν,
1148 1482 1363 1534 probabilis
1404 1485 1465 1519 est
1505 1479 1723 1519 Conslanlli

204 1554 298 1595 Fan.
333 1553 543 1593 sententia.
614 1552 823 1591 Praeterea
866 1552 969 1604 quod
1015 1554 1201 1605 scriptum
1242 1557 1326 1602 est,
1371 1552 1521 1591 deiecta
1561 1551 1639 1603 suit
1683 1551 1724 1589 in

205 1638 340 1675 mare,
375 1627 611 1665 observetur
638 1635 719 1662 non
757 1623 857 1662 male
888 1624 1106 1662 convenire
1137 1636 1224 1662 cuin
1261 1623 1412 1675 reliqua
1451 1623 1629 1662 Scironis
1661 1620 1724 1660 fa-

204 1697 306 1737 bula.
368 1696 483 1743 Quod
513 1700 570 1735 tot
612 1696 786 1736 viatores
825 1697 1004 1750 perpessi
1037 1699 1176 1744 erant,
1220 1695 1323 1734 idem
1366 1694 1494 1746 puella
1533 1694 1582 1733 ab
1621 1695 1722 1734 irato

204 1775 330 1822 patre.
387 1769 473 1808 Non
505 1769 627 1807 mirer
657 1773 800 1817 autem,
833 1767 937 1819 quod
969 1768 1133 1808 Ovidius
1160 1767 1276 1807 alium
1307 1768 1344 1806 in
1374 1767 1498 1817 Ibide,
1534 1767 1649 1806 alium
1685 1767 1723 1806 in

207 1842 330 1880 altero
365 1851 486 1891 opere
515 1839 819 1891 Polypenionein
847 1839 1000 1889 dixerit,
1033 1844 1071 1878 et
1100 1851 1236 1879 rursus
1255 1839 1358 1890 quod
1381 1840 1523 1879 eodem
1543 1840 1582 1878 in
1600 1851 1723 1892 opere

207 1913 442 1965 halcyonem
474 1923 591 1961 nunc,
620 1911 722 1950 libro
755 1911 934 1962 septimo,
965 1923 1015 1949 ex
1045 1910 1121 1949 lilia
1151 1911 1329 1950 Scironis
1360 1910 1578 1962 Halcyone,
1604 1923 1723 1960 nunc,

205 1986 307 2025 libro
344 1984 571 2033 undecimo,
602 1995 652 2022 ex
682 1994 808 2022 uxore
840 1982 981 2034 Ceycis
1012 1981 1216 2032 Halcyone
1248 1982 1391 2021 factam
1421 1982 1639 2022 tradiderit.
1680 1982 1724 2022 ld

208 2058 363 2096 serebat
393 2060 531 2095 natura
569 2055 654 2094 eius
685 2055 830 2106 operis.
890 2053 1098 2092 Praeterea
1131 2053 1296 2092 Ovidius
1327 2053 1365 2091 in
1394 2052 1496 2091 libro
1526 2054 1604 2093 vlt.
1636 2054 1724 2094 for-

208 2137 314 2170 tasse
348 2128 527 2169 consulto
558 2139 637 2167 non
670 2129 800 2180 posuit
829 2138 973 2165 nonien
1004 2126 1103 2164 avis.
1182 2126 1339 2164 Poetice
1369 2126 1465 2178 κόρη
1493 2124 1723 2178 Σκείρωνος

208 2201 399 2243 Sosim-ati
432 2200 575 2240 Athen.
616 2198 682 2238 Xl.
713 2209 749 2249 p.
783 2196 877 2239 474.
916 2197 957 2236 B.
1000 2208 1105 2235 aura
1145 2196 1285 2236 dicitur
1327 2196 1426 2235 flans
1469 2208 1490 2235 a
1530 2196 1723 2237 Scironiis

209 2274 344 2327 petris.

319 2343 471 2385 Medius
501 2343 586 2382 fere
616 2342 719 2382 inter
749 2340 975 2381 Eleusinem
1009 2344 1047 2379 et
1074 2340 1275 2391 Athenas,
1308 2352 1358 2380 ex
1386 2339 1582 2380 luculenta
1609 2339 1724 2381 Stra-

212 2418 330 2457 bonis
366 2415 431 2454 lx.
463 2427 498 2467 p.
529 2414 621 2454 395.
653 2413 796 2464 (605.)
827 2413 1118 2465 descriptione,
1152 2411 1424 2466 Κορυδαλλός
1454 2417 1534 2463 est,
1573 2413 1612 2452 in
1645 2424 1724 2465 quo

216 2491 450 2529 Procrusten
481 2485 681 2525 Diodorus
714 2486 834 2538 ponit.
892 2485 1106 2525 Pausanias
1128 2485 1155 2525 l.
1178 2485 1246 2535 38,
1273 2487 1308 2524 5.
1346 2497 1460 2536 quum
1489 2485 1725 2524 Procrusten

215 2561 390 2601 Eleusini
422 2564 460 2598 et
487 2557 681 2609 Cephisso
717 2557 916 2608 admovet,
949 2562 988 2597 et
1013 2557 1177 2607 Erineo,
1205 2558 1271 2597 ubi
1301 2558 1384 2609 ipse
1404 2557 1604 2597 Plutonem
1628 2557 1724 2596 des-

218 2633 403 2672 cendisse
437 2636 548 2682 rapta
578 2630 811 2682 Proserpina
841 2634 1025 2680 annotat,
1055 2630 1226 2670 sortasse
1258 2643 1337 2670 non
1382 2630 1538 2670 multum
1567 2630 1724 2669 discre-

218 2710 282 2756 pat
317 2717 337 2744 a
370 2704 572 2754 Diodoro,
601 2703 665 2742 vel
701 2702 816 2754 plane
849 2713 930 2741 non
961 2702 1182 2754 discrepat,
1217 2703 1251 2742 si
1289 2703 1505 2752 coniicias,
1546 2711 1647 2752 quae
1682 2700 1722 2739 in

218 2781 397 2828 promptu
425 2777 654 2815 coniectura
685 2779 766 2825 est,
798 2776 836 2814 in
868 2773 1080 2827 Corydallo
1113 2774 1227 2813 demo
1257 2775 1440 2814 Erineum
1477 2773 1610 2812 fuisse.
1666 2772 1728 2811 Ex

220 2848 364 2888 Ovidio
397 2852 550 2887 notum:
603 2847 702 2886 Vidit
730 2851 767 2885 et
807 2846 987 2886 inmitem
1022 2846 1227 2905 Cephisias
1264 2858 1334 2886 ora
1373 2844 1627 2885 Procrusten.
1680 2841 1727 2896 ἐν
