1856 3126
819 136 1128 174 —148—

194 249 322 290 πάλαι
368 251 594 290 ποθέουσιν
639 249 799 306 ὀρέξῃς.
870 252 958 292 Non
1002 252 1174 305 expedio
1219 252 1311 305 quid
1359 254 1430 301 sit.
1475 253 1580 304 quod
1619 251 1736 294 Anna

195 323 310 362 Fabri
343 335 378 374 p.
415 322 506 362 166.
539 328 596 374 (p.
627 322 723 365 368.
755 324 818 364 ed.
848 323 966 376 Ern.)
999 324 1078 364 duo
1109 324 1245 376 priora
1275 325 1409 378 verba,
1446 325 1601 366 δείελον
1633 326 1738 366 αἰτί-

196 393 340 444 ζουσι,
375 406 427 432 ea:
455 393 726 446 Elymoloyico
757 395 924 447 profert,
955 400 993 434 et
1021 395 1284 448 Spanhemius
1313 409 1349 448 p.
1371 396 1461 435 982.
1496 397 1558 436 ed.
1593 396 1736 436 Graev.

195 471 253 517 (p.
286 466 379 506 35¹9.
412 466 474 505 eil.
504 466 620 518 Ern.)
666 467 813 507 diserte
861 481 908 508 ea
953 469 1078 508 verba
1120 468 1266 508 adduci
1309 468 1359 508 ab
1395 468 1565 520 Elymol.
1597 467 1652 508 M.
1695 467 1737 506 in

194 539 367 579 Λειέλοιι
398 542 545 577 monet.
604 538 710 579 Nihil
742 541 818 580 tale
851 543 887 580 in
923 541 1202 593 Etymologico
1237 542 1409 592 reperio.
1774 592 1780 595 ,

306 611 430 658 Quum
449 611 647 662 poeticum
667 611 896 652 Callimachi
918 613 1137 662 artificium,
1165 617 1204 651 et
1226 612 1317 664 quid
1346 612 1448 652 bene
1471 613 1736 652 administra-

191 684 300 722 visse
331 688 516 735 poetam,
549 684 587 722 in
619 683 754 735 parvis
789 683 910 722 rebus
939 695 1127 736 magnum
1147 714 1157 733 ‚
1188 684 1329 735 partim
1360 683 1445 733 ipsa
1476 695 1548 734 per
1577 694 1621 721 se
1649 681 1737 720 sra-

191 760 352 808 gmenta
383 755 540 808 singula
572 755 758 804 doceant,
785 756 927 808 partim
959 759 1155 807 concepta
1186 756 1319 794 animo
1350 755 1663 807 fragmentorum
1696 754 1735 792 in

192 839 311 867 unum
348 839 493 880 corpus
525 828 763 880 compositio
798 832 995 879 tamquam
1028 840 1100 880 per
1128 829 1307 868 umbram
1340 832 1547 877 monstret,
1574 827 1735 878 ubique,

195 902 238 937 ut
266 898 408 947 decet,
441 899 694 937 sentiendum
727 897 944 937 lectoribus
974 909 1095 937 sensu
1126 900 1288 950 poetico
1329 901 1489 940 imbutis
1531 898 1737 950 relinqua-

193 982 305 1020 mus7
336 970 460 1009 semel
493 971 602 1009 iuvat
629 970 754 1008 verbo
789 981 986 1019 monere,
1020 982 1135 1021 quam
1177 972 1348 1012 iucunde
1392 976 1508 1024 poeta
1529 1002 1539 1021 ‚
1579 970 1645 1009 ubi
1686 969 1737 1009 do

191 1054 295 1094 pane
325 1041 464 1081 incidit
493 1041 659 1093 mentio,
695 1046 851 1092 arrepta
882 1052 928 1079 ea
962 1042 1197 1092 occasione,
1229 1043 1359 1082 obiter
1389 1055 1552 1083 suavem
1584 1041 1739 1094 simpli-

196 1115 314 1153 citate
346 1125 415 1152 sua
460 1113 673 1162 imaginem
707 1115 812 1152 vitae
849 1114 1050 1166 agrestis,
1090 1114 1277 1155 mulieres
1324 1116 1455 1155 cibum
1497 1118 1737 1167 apparantes

192 1186 380 1226 redituris
412 1185 460 1224 ab
494 1197 615 1237 opere
647 1186 874 1226 hominibus
903 1187 1087 1237 rusticis,
1121 1187 1283 1226 intexat.
1344 1187 1392 1226 Et
1431 1187 1470 1226 in
1501 1188 1731 1227 universum

194 1257 353 1309 quidem
386 1261 480 1296 nota
514 1256 606 1296 inde
640 1256 689 1295 ab
721 1256 896 1295 Homero
928 1257 1061 1309 imago
1094 1262 1179 1307 est,
1213 1254 1422 1310 δρυτόμος
1451 1258 1516 1309 qui
1563 1258 1732 1296 δεῖπνον

194 1330 270 1369 sibi
304 1330 482 1378 instruit,
513 1328 676 1368 solvens
709 1328 834 1367 boves
868 1333 1031 1380 arator,
1072 1328 1136 1368 vel
1178 1334 1371 1381 expetens
1413 1327 1638 1380 βουλυτόυε
1683 1327 1736 1369 ef.

193 1403 380 1454 Apollon.
413 1401 541 1440 Rhod.
574 1400 601 1440 1.
637 1401 755 1440 1172.
789 1412 875 1453 sqq.
908 1400 975 1440 111.
1014 1399 1132 1441 1341.
1165 1413 1224 1453 sq.
1269 1401 1330 1441 Ν.
1368 1401 1487 1441 1630.
1549 1401 1737 1454 Virgilius

193 1472 276 1513 Ecl.
307 1472 355 1512 11.
390 1472 449 1512 10.
489 1471 683 1523 Thestylis
729 1477 767 1511 et
797 1473 942 1524 rapido
975 1473 1099 1524 sessis
1132 1473 1380 1513 messoribus
1411 1477 1526 1513 aestu
1556 1471 1666 1512 Allia
1696 1457 1737 1512 et

196 1558 232 1597 q.
263 1556 296 1584 s.
328 1545 403 1584 etsi
435 1544 489 1584 ibi
522 1545 571 1584 de
599 1557 794 1596 suspenso
829 1557 952 1597 opere
981 1547 1132 1585 rustico
1165 1547 1482 1599 recreandisque
1514 1559 1586 1598 per
1613 1547 1738 1585 meri-

199 1619 303 1658 diem
333 1617 561 1658 hominibus
602 1630 733 1657 sermo
774 1623 861 1668 est,
903 1619 1004 1670 apud
1048 1618 1329 1658 Callimachum
1368 1619 1417 1658 de
1460 1619 1570 1658 finito
1613 1629 1739 1670 opere

197 1691 369 1742 ciboque
404 1693 649 1742 vespertino.
710 1690 912 1730 Nicander
940 1690 1097 1743 Fragm.
1118 1689 1180 1729 111.
1212 1689 1273 1729 17.
1307 1689 1473 1737 (Athen.
1495 1689 1556 1729 Ν.
1585 1700 1622 1741 p.
1647 1686 1737 1730 133.

197 1763 262 1813 F.)
294 1758 422 1816 ὥριον
449 1762 631 1815 ἁλμαίην
657 1759 818 1814 ιῖιιιυσοιι
855 1763 940 1811 (vel
971 1756 1155 1814 ἄρυσαι)
1185 1761 1385 1816 κεχρηόσι.
1417 1763 1576 1814 δαίτης.
1635 1759 1740 1800 Coe-

196 1840 341 1876 nantes
372 1834 520 1888 οἷεργοί
551 1837 638 1875 sive
679 1833 848 1887 αέργεές
880 1834 1049 1874 hiberno
1092 1839 1271 1886 tempore
1316 1833 1526 1886 οἰκουροῦ,
1575 1833 1738 1883 ὃμαῖεςε

200 1908 304 1962 apud
335 1907 453 1947 eund.
488 1907 582 1946 ibid.
618 1911 653 1945 et
683 1907 837 1958 Fragm.
871 1906 933 1945 Ν.
969 1907 1138 1955 (Athen.
1171 1906 1235 1946 IX.
1267 1918 1303 1958 p.
1335 1906 1429 1945 372.
1461 1906 1523 1958 F.)
1593 1904 1740 1944 Panem

203 1980 378 2019 describi
407 1980 648 2032 Fragmenta
683 1979 823 2018 CLVII.
871 1991 984 2028 cum,
1027 1979 1090 2029 qui
1130 1979 1274 2018 usitate
1315 1978 1549 2031 ἐγκρυφίας
1585 1976 1740 2029 dicitur,

203 2051 371 2091 Bentleii
414 2051 643 2090 obserxatio
692 2055 763 2089 est.
835 2050 973 2089 Latine
1016 2049 1351 2100 subcinericium,
1392 2050 1658 2101 auctoritate,
1699 2051 1743 2086 ut

204 2128 313 2175 puto,
342 2122 485 2162 Isidori
514 2123 653 2175 Origg.
680 2123 908 2173 XX.9,15.
943 2122 1144 2162 Bentleius
1175 2127 1213 2161 et
1245 2122 1506 2162 Casaubonus
1535 2122 1572 2160 in
1594 2120 1742 2160 Athen.

206 2195 269 2236 111.
299 2195 510 2235 Animadv.
541 2207 579 2246 p.
613 2194 705 2234 900.
743 2194 949 2246 appellant.
1017 2194 1076 2234 De
1123 2206 1226 2246 pane
1276 2195 1484 2248 s’yupvqoz'q
1530 2192 1744 2244 aliquoties

208 2268 442 2308 Athenaeus
470 2266 572 2306 libro
606 2268 722 2306 tertio
754 2279 789 2318 p.
824 2267 913 2305 110.
943 2266 990 2306 A.
1021 2266 1062 2306 B.
1102 2267 1193 2306 119.
1217 2266 1258 2305 Β.
1294 2266 1381 2305 115.
1401 2264 1446 2303 Ε.
1476 2265 1528 2304 ita
1563 2269 1605 2304 ut
1636 2276 1745 2304 nunc

212 2339 458 2392 improbetur
498 2352 603 2379 nunc
656 2339 969 2378 conmieudetur.
1043 2338 1128 2393 Nec
1172 2338 1337 2376 mirum:
1387 2335 1597 2376 differebat
1638 2335 1744 2375 haud

213 2412 332 2453 dubie
361 2423 433 2464 pro
463 2412 649 2451 cautione
681 2423 726 2449 ac.
760 2412 991 2464 diligentia,
1033 2423 1135 2462 quae
1174 2411 1212 2449 in
1256 2421 1305 2449 eo
1348 2422 1451 2461 pane
1491 2408 1743 2449 conficiendo

212 2486 277 2524 vel
308 2485 436 2523 maior
467 2483 529 2523 vel
562 2485 691 2522 minor
722 2484 970 2534 ponebatur3
1002 2488 1080 2522 tum
1112 2484 1282 2522 maxime
1303 2483 1483 2532 materia,
1513 2493 1615 2534 quae
1639 2492 1746 2520 nunc

214 2555 331 2595 vilior
360 2568 466 2595 nunc
509 2555 735 2594 delicatior.
811 2554 1043 2608 ἐγκρυᾳιάν
1086 2555 1316 2606 simpliciter
1360 2553 1506 2593 dictum
1553 2552 1747 2604 improbat

215 2627 391 2667 Philistio
423 2639 459 2679 p.
487 2612 576 2665 115.
599 2626 645 2666 Ε.
705 2627 974 2677 Tegeaticum,
1005 2626 1252 2676 σεμιδάλεος
1284 2624 1387 2675 υἱόν,
1417 2626 1560 2678 probat
1590 2624 1748 2664 laudat-

218 2710 292 2749 que
321 2699 604 2737 Archcstratus
636 2710 675 2749 p.
716 2698 804 2737 11⁶2.
841 2698 880 2737 Β.
939 2698 1036 2737 Sunt
1069 2697 1134 2736 alii
1169 2709 1318 2749 panes,
1346 2701 1423 2736 tam
1456 2696 1570 2735 simili
1604 2695 1747 2746 appel-

216 2769 381 2813 latione,
412 2773 450 2805 ut
484 2767 643 2806 difficile
674 2768 879 2818 videatur,
910 2779 985 2818 qua
1016 2780 1060 2807 re
1092 2767 1140 2806 ab
1170 2767 1376 2822 ἑγκρυτμζι
1408 2767 1555 2806 diversi
1589 2765 1747 2815 suerint,

220 2839 397 2879 definire.
456 2838 554 2877 Dico
589 2838 688 2878 hos:
735 2839 1051 2893 ἑπαιθρακίὺα,
1096 2838 1160 2878 vol
1203 2835 1527 2890 dnarfigtam'd'oe,
1576 2836 1626 2876 de
1669 2847 1747 2889 qua
