1856 3126
749 130 1051 170 -205—

149 249 271 290 fuisse
299 249 492 298 arbitror,
519 249 597 288 hoc
630 248 719 289 loco·
751 250 907 290 narrari
938 263 959 290 a
999 249 1181 299 These-03
1223 248 1370 302 potuit,
1408 249 1512 301 quod
1558 261 1664 289 nunc

149 324 304 371 malim,
334 333 355 360 a
388 324 504 372 poeta
540 319 631 359 loco
665 323 893 373 superiore,
926 323 990 373 qui
1032 321 1148 361 nobis
1185 326 1245 361 cst
1277 322 1368 373 Cap.
1404 321 1466 363 ΙΙΙ.
1536 322 1665 362 Veluti

150 395 224 443 sic,
253 398 342 445 post
371 393 591 444 expositam
620 392 673 430 ibi
701 394 970 432 narrationem
1002 392 1050 431 de
1084 391 1219 444 gladio
1254 392 1508 445 calceisque:
1552 393 1665 432 Iam—

148 475 224 515 que
258 467 480 516 ayuoverat
506 461 663 513 Aeyeus
690 463 838 513 filium,-
869 466 907 501 et
932 462 1013 500 iam
1043 462 1133 501 cla-a
1162 475 1364 503 novercae
1390 465 1538 516 pocula
1563 464 1666 516 effu-

147 541 263 588 gerat
293 536 491 582 Theseus,
521 533 779 585 tendebatque
808 536 849 573 in
880 546 1060 584 campum
1102 534 1412 578 Marathonium.
1486 537 1527 577 ln
1573 539 1665 576 uni-

150 621 306 649 versum
336 607 413 646 hoc
442 608 611 646 maxime
642 608 768 647 teneri
809 620 855 646 ac
885 606 1074 659 perpendi
1108 607 1246 658 veliin,
1282 620 1395 660 quam
1428 609 1611 649 diversae
1644 623 1665 650 a

152 680 413 732 scriptoribus
442 691 573 719 rerum
605 680 837 729 Atticarum,
868 691 967 731 quos
1001 679 1229 720 Plutarchus
1259 684 1448 734 sequitur,
1478 684 1536 722 vel
1557 683 1667 722 The-

149 752 285 793 seidos
316 751 498 799 alicuius,
528 753 707 791 rationes
740 751 885 790 suerint
917 751 1159 801 Callimachi,
1192 753 1256 803 qui
1288 765 1339 792 ex
1368 758 1476 793 tanto
1509 755 1667 794 sabula-

147 837 233 864 rum
275 835 439 863 numero
484 835 602 863 unam
645 827 792 862 tantum
838 834 949 862 more
992 824 1240 864 tractandam
1291 826 1403 877 ep1co
1451 826 1665 879 elegisset:

152 902 336 951 quantum
374 897 437 936 ille
466 909 626 947 eorum,
661 908 763 949 quae
806 907 827 935 a
871 895 1091 936 Theseidos
1129 901 1316 948 auctore,
1363 898 1424 937 vel
1468 899 1668 948 Atthidos,

147 970 349 1011 narranda
384 970 617 1009 necessario
642 973 681 1008 et
709 969 906 1008 nectenda
937 969 1042 1008 inter
1068 981 1113 1008 se
1144 971 1282 1021 quavis
1306 971 1462 1010 ratione
1484 972 1666 1022 fuissent,

149 1048 216 1084 aut
247 1043 377 1082 obiter
408 1042 588 1082 indicare
619 1041 855 1080 brevissime
886 1044 1081 1092 potuerit,
1120 1043 1181 1081 vel
1218 1043 1334 1082 etiam
1353 1074 1363 1092 ,
1402 1049 1442 1083 ut
1482 1056 1599 1083 unum
1629 1049 1668 1084 et

152 1116 374 1155 ahsolutum
408 1115 445 1154 in
480 1126 524 1154 se
556 1125 715 1153 carmen
748 1114 881 1163 lieret,
912 1114 951 1153 in
982 1125 1059 1166 quo
1091 1126 1280 1166 nusquam
1313 1116 1465 1156 animus
1508 1116 1670 1157 lectoris

150 1201 171 1227 a
204 1200 354 1227 summa
386 1188 518 1239 operis
551 1192 589 1226 et
618 1187 822 1239 proposito
849 1191 990 1238 poetae
1019 1187 1205 1238 primario
1236 1194 1486 1238 avocaretur,
1515 1190 1670 1230 debue-

151 1261 214 1300 rit.
273 1261 339 1302 Sic
379 1272 458 1314 ego
491 1261 650 1300 minime
683 1259 863 1311 spondeo
896 1259 1194 1300 Pallantidarum
1234 1263 1475 1302 mentionem
1511 1263 1669 1304 immix-

150 1338 229 1372 tam
262 1334 429 1372 carmini
461 1332 726 1373 Callimacheo
759 1331 894 1371 fuisse.
961 1332 1022 1372 Ac
1059 1344 1110 1372 ne
1152 1333 1331 1374 Medeam
1375 1335 1531 1386 quidem
1571 1348 1670 1389 spo-

148 1405 372 1457 ponderim.

264 1476 443 1529 Cognata
473 1476 654 1527 quaestio
688 1481 770 1527 est,
799 1480 839 1515 et
871 1476 1081 1516 commode
1118 1476 1184 1516 hic
1221 1478 1474 1529 tractabitur,
1514 1479 1563 1519 de
1605 1493 1670 1530 eo,

151 1560 230 1600 quo
264 1548 442 1589 Theseus
475 1553 652 1600 tempore
684 1549 976 1601 expeditionem
1009 1550 1292 1591 Marathoniam
1327 1554 1567 1605 susceperit,
1608 1555 1671 1595 vel

153 1622 308 1673 potius,
340 1632 417 1673 quo
451 1622 537 1673 ipse
567 1626 671 1672 tum,
703 1634 818 1674 quum
850 1623 1091 1674 susciperet,
1121 1623 1211 1663 loco
1242 1628 1281 1664 et
1320 1637 1395 1677 qua
1440 1627 1671 1668 conditione

154 1693 285 1733 suerit.
344 1693 506 1734 Scilicet
537 1705 652 1745 quum
686 1695 726 1733 in
757 1707 807 1734 eo
841 1696 1092 1735 consentiant
1121 1707 1282 1746 omnes,
1313 1709 1364 1736 ex
1394 1698 1506 1750 urhe,
1540 1700 1673 1740 Athe-

151 1766 228 1816 nis,
263 1765 457 1805 Theseum
488 1770 628 1805 contra
660 1771 811 1806 taurum
852 1767 1073 1819 profectum
1106 1779 1225 1807 esse:
1264 1773 1306 1808 ut
1337 1769 1481 1810 frustra
1519 1772 1672 1813 futurus

151 1838 225 1890 sit,
254 1838 288 1877 si
318 1838 404 1889 quis
443 1838 545 1878 sorte
589 1838 784 1878 Theseum
824 1844 916 1891 post
953 1840 1204 1879 interfectum
1246 1841 1484 1882 Procrusten
1527 1847 1671 1897 statim,

153 1910 320 1950 salutata
350 1922 372 1949 e
402 1911 622 1963 longinquo
653 1911 777 1962 urbe,
813 1912 851 1950 in
886 1924 1064 1964 campum
1098 1912 1386 1955 Marathonium
1423 1918 1673 1968 processisse
1719 1942 1729 1955 ,

155 1984 324 2022 animum
356 1983 539 2023 inducat:
585 1983 678 2022 illud
721 1984 949 2035 quaeritur,
978 1985 1052 2024 utri
1085 1985 1134 2024 de
1176 1987 1352 2037 duobus,
1394 1988 1603 2029 Plutarcho
1635 1994 1675 2030 ct

157 2055 325 2106 Ovidio,
357 2056 456 2096 sides
487 2056 670 2096 habenda
703 2057 772 2096 sit:
811 2056 1019 2097 Plutarcho
1053 2063 1161 2108 (cum
1193 2059 1416 2111 Diodoro),
1450 2063 1513 2113 qui
1545 2064 1675 2103 statim

155 2133 363 2181 postquam
398 2129 628 2168 advenisset
655 2129 848 2180 Athenas,
883 2131 1056 2183 agnitum
1087 2143 1178 2171 esse
1211 2144 1231 2171 a
1259 2138 1371 2185 patre
1401 2135 1607 2187 Theseum,
1637 2142 1676 2177 et

161 2206 301 2254 postea
334 2202 554 2254 profectum
590 2207 730 2242 contra
763 2207 914 2242 taurum
945 2203 1086 2254 tradit3
1115 2217 1164 2244 an
1197 2205 1341 2246 Ovidio
1370 2208 1436 2248 lih.
1469 2208 1548 2249 Vll.
1580 2210 1674 2250 404.

163 2285 249 2326 sqq.
280 2276 375 2317 495.
397 2287 480 2326 sqq.
513 2276 576 2326 qui
607 2275 801 2315 Theseum
831 2277 1058 2328 suscepisse
1088 2277 1182 2317 illud
1201 2290 1249 2317 ac
1276 2279 1497 2331 perfecisse
1520 2293 1541 2321 e
1560 2295 1678 2323 man-

161 2345 254 2384 dato
286 2346 442 2397 quidem
474 2348 623 2399 Aegei,
652 2347 722 2387 sed
751 2348 924 2388 nondum
957 2350 1154 2401 agnitum,
1186 2351 1396 2403 significat.
1455 2353 1540 2393 Hoc
1571 2357 1676 2396 euim

161 2418 333 2458 efficitur
363 2432 414 2458 ex
451 2425 638 2460 accurate
681 2425 845 2473 accepta
890 2422 1122 2461 narratione
1164 2422 1317 2474 Ovidii3
1366 2429 1405 2465 et
1449 2427 1595 2467 diserte
1636 2429 1677 2469 id

159 2491 278 2530 tradit
308 2491 619 2545 Mythographus
649 2493 696 2535 A.
727 2493 820 2533 Maii
852 2495 962 2546 prior
994 2507 1028 2535 c.
1061 2493 1128 2536 48.
1157 2521 1210 2527 -—-
1244 2495 1386 2537 Medea
1423 2504 1572 2550 autem,
1609 2514 1679 2541 re-

156 2563 332 2615 pudiata
359 2563 410 2602 ab
443 2564 613 2614 Iasone,
641 2564 774 2617 Aeyeo
804 2571 931 2617 nupta
959 2567 1168 2618 persuasit
1199 2568 1471 2610 aduenientem
1500 2572 1681 2614 iuvenem

161 2641 280 2675 tauro
311 2648 529 2687 opponere,
560 2637 627 2687 qui
656 2637 848 2677 vastabat
874 2637 1051 2679 Atticam
1082 2640 1292 2692 regionem,
1325 2641 1460 2682 diceus
1486 2644 1678 2697 futurum,

160 2713 205 2747 ut
236 2707 288 2748 ab
317 2720 363 2747 eo
387 2708 627 2759 privaretur
659 2722 791 2761 requo.
869 2711 1043 2751 Theseus
1072 2723 1170 2752 ‘cero
1201 2717 1320 2753 tauro
1361 2714 1566 2768 interfecto
1603 2720 1680 2758 du-

158 2780 331 2830 plicavit
361 2781 446 2832 φερέ
475 2781 663 2822 timorem.
722 2783 825 2822 Dein
865 2783 1072 2824 invitatum
1117 2785 1171 2824 acl
1210 2787 1351 2836 epulas
1387 2800 1474 2828 eum
1508 2792 1681 2842 perdere

162 2853 300 2894 voluit.
363 2853 534 2895 Tandem
565 2856 696 2906 aquito
722 2856 870 2908 ytactto,
900 2868 1013 2909 quem
1040 2857 1156 2908 apud
1174 2856 1364 2900 Aethram
1383 2861 1474 2902 olim
1502 2864 1680 2916 relique-
