1856 3126
739 143 1039 181 —115—-

309 259 385 298 καί
412 257 467 312 ῥα
499 256 613 310 παρὰ
643 265 806 299 σκαιοῖο
836 262 1060 313 βραχίονος
1089 260 1266 312 ἐζιιπλεον
1295 252 1429 303 ὄλπιν.

130 328 301 370 Omnino
334 329 452 369 decet
483 329 658 369 Hecalen
702 329 766 370 hle
798 335 1035 383 apparatus,
1075 327 1190 378 ὄλπις
1222 332 1308 371 sive
1340 326 1468 385 ὔλπηι
1503 330 1553 370 (16
1582 342 1658 382 qua

125 406 286 453 praeter
316 401 598 441 Casaubonum
630 402 680 441 ad
712 402 973 455 Theophrast.
1009 420 1049 441 π.
1084 405 1226 454 (ipson.
1260 416 1299 454 p.
1324 403 1414 443 169.
1446 403 1495 446 cs.
1527 403 1661 442 Inter-

126 479 259 524 pretes
289 473 479 525 Hesychii
496 505 506 524 ,
532 474 655 526 Toup.
674 475 870 515 Emendd.
900 476 938 514 in
971 475 1080 515 Suid.
1105 475 1143 514 P.
1169 475 1230 514 IV.
1261 488 1297 526 p.
1321 473 1414 515 444.
1447 476 1508 529 (T.
1530 475 1575 514 Il.
1595 474 1658 514 ed.

125 546 228 599 Lips.
260 557 296 599 p.
328 544 416 594 29.)
448 550 487 585 et
522 558 629 586 nunc
658 547 823 589 Bai-ker.
856 549 894 587 in
925 547 1052 599 Etym.
1084 546 1131 589 M.
1161 548 1368 587 Annotatt.
1398 560 1434 599 p.
1458 548 1576 587 1112.
1599 559 1657 599 sq.

127 612 257 670 ὄλπην
284 619 372 658 sive
403 611 534 659 ὄλπην
563 619 798 659 Theocritus
819 619 864 658 II.
892 619 983 658 156.
1015 619 1216 658 Nicander
1232 619 1347 658 Ther.
1371 620 1524 659 81197.
1553 620 1662 659 Leo—

126 691 246 731 nidas
275 691 529 741 Tarentinus,
563 691 823 744 Crinagoras,
858 691 1041 730 Archias.
1084 685 1254 738 ὄλπιόὀς
1273 691 1508 730 Theocritus
1528 691 1663 731 XVIII.

125 765 192 802 45.
252 763 431 803 Meminit
460 764 674 816 fragn‘ienti
694 763 950 803 Callimachei
980 762 1257 810 Casaubonus,
1286 763 1353 802 ubi
1384 775 1534 802 morem
1567 775 1664 803 sae-

126 836 238 877 culos
259 840 378 887 atque
409 835 484 874 alia
512 836 699 887 gestandi
730 847 752 874 e
782 834 960 874 brachiis
994 835 1209 886 pendentia
1240 834 1422 885 illustrat,
1455 835 1505 874 ad
1534 835 1665 873 Thoo-

125 907 274 960 phrast.
308 924 350 946 π.
383 906 601 959 ἀγροικίας
629 920 666 959 p.
703 907 791 947 153.
827 907 1097 947 Callimachus
1127 908 1174 946 cle
1203 907 1376 958 quodam
1405 907 1474 958 qui
1505 907 1666 957 ampul-

126 980 207 1020 lam
235 980 322 1019 oleo
347 980 509 1030 plenam
542 979 596 1019 acl
634 979 844 1019 brachium
869 980 1108 1031 pendentem
1136 979 1342 1031 yestccbat‚
1376 978 1473 1019 Καί
1496 977 1552 1032 ῥα
1587 983 1663 1017 616.

127 1053 216 1093 Non
246 1057 340 1104 puto
375 1057 504 1092 autem
539 1052 812 1104 quaerendum
853 1065 968 1103 esse,
1010 1065 1087 1105 quo
1128 1052 1276 1091 Hecale
1317 1051 1516 1101 consilio,
1547 1064 1664 1103 (guum

128 1125 289 1165 obviam
318 1125 395 1164 iret
423 1125 605 1174 Theseo,
637 1125 844 1177 ampullam
885 1137 998 1165 suam
1039 1126 1311 1176 assumpserit.
1381 1124 1513 1163 Voluit
1543 1125 1665 1164 Calli-

131 1197 297 1237 machus
328 1201 450 1236 totam
481 1196 598 1235 talem
631 1197 790 1248 sistere,
825 1199 981 1249 qualem
1017 1197 1150 1249 vulgo,
1183 1198 1339 1248 quoties
1370 1197 1568 1248 prodibat,
1603 1199 1666 1237 vi-

130 1259 228 1308 dere
260 1273 557 1308 consueverant
590 1269 735 1308 vicani.
795 1270 932 1321 Neque
964 1269 1065 1307 male
1095 1280 1330 1320 quemquam
1365 1268 1517 1309 habere
1548 1269 1668 1309 debet

130 1339 173 1380 ἐν
200 1339 296 1393 χερί
325 1344 363 1378 61
393 1342 616 1391 oppositum
648 1339 761 1392 παρὰ
789 1346 953 1380 σκαιοῖο
983 1343 1222 1391 βραχίονος.
1256 1340 1360 1380 illam
1381 1341 1489 1390 prius
1521 1341 1667 1380 dictam

131 1413 318 1451 deoetram
345 1423 437 1450 esse
472 1416 615 1463 sponte
649 1412 893 1464 intelligitur.
952 1412 1126 1464 Frustra,
1159 1412 1193 1451 si
1227 1412 1319 1463 quid
1346 1413 1481 1463 video,
1515 1413 1563 1452 ab
1590 1413 1665 1453 hac

132 1483 289 1536 quidem
321 1488 431 1535 parte
460 1483 718 1523 Rulmltenius
749 1484 871 1535 Epist.
904 1485 991 1524 crit.
1026 1484 1070 1522 II.
1107 1496 1142 1535 p.
1176 1484 1268 1524 905.
1302 1485 1507 1537 impugnat
1532 1485 1667 1525 Brun-

84 1603 96 1610 §
136 1558 214 1596 ckii
257 1558 296 1596 in
342 1556 557 1609 Apollonio
589 1556 635 1595 Il.
671 1557 760 1596 119.
805 1557 1101 1596 coniecturam:
1148 1551 1259 1607 αἶψα
1302 1557 1436 1608 μέγαν
1481 1556 1668 1607 τεταγὼν

132 1629 306 1669 πέλεκυν
336 1643 399 1680 χε
419 1629 495 1681 ρι’,
544 1628 619 1680 ἠδὲ
658 1626 849 1668 κελαινόν
935 1622 1092 1681 ἄρκτου
1125 1625 1412 1681 προσχόμενος
1443 1630 1570 1683 σκαιῇ
1598 1630 1666 1668 δ’ἐ-

133 1716 217 1753 ρος.
280 1700 337 1739 Cf.
383 1700 497 1740 Hom.
531 1699 643 1739 lliad.
673 1699 809 1740 XVIII.
844 1699 939 1741 476.
974 1700 1011 1739 7.
1046 1702 1166 1752 γέντο
1205 1700 1251 1739 δὲ
1293 1702 1409 1751 χειρί
1453 1699 1666 1753 ῥαιστῆρα

131 1771 349 1825 κρατερήν,
380 1767 552 1826 ἑτέρῃφι
584 1772 629 1811 δὲ
663 1773 781 1822 γέντο
812 1773 1046 1824 πυράγρην.
1106 1771 1218 1811 Alter
1245 1772 1388 1811 modus
1421 1773 1454 1811 is
1484 1776 1557 1820 est,
1587 1783 1664 1823 quo

133 1843 183 1883 de
214 1844 358 1883 eodem
387 1845 553 1883 Ancaeo
585 1843 822 1895 Apolloni1i2:
852 1843 880 1885 I.
920 1843 1010 1884 168.
1043 1844 1183 1883 utitur:
1223 1845 1278 1896 βῆ
1311 1844 1345 1883 δ’
1387 1840 1455 1895 ὅγε
1488 1845 1667 1883 Imma-

132 1916 222 1968 λιής
261 1909 420 1969 ἄρκτου
468 1916 618 1967 δέρος,
669 1912 908 1969 ἀμφίτομόν
948 1929 989 1954 τε
1050 1915 1237 1971 δεξιτερῇ
1276 1913 1446 1955 πάλλων
1489 1917 1665 1954 πέλεκυν

131 1988 274 2040 μέγαν.
306 1987 373 2026 ubi
403 1985 674 2036 divinandum,
701 1986 844 2038 pellem
879 1986 1002 2026 fuisse
1036 1988 1075 2025 111
1098 1987 1257 2026 sinistra
1291 1992 1416 2039 parte.
1449 1987 1498 2026 cf.
1531 1986 1669 2025 Theo-

133 2060 219 2099 crit.
249 2058 370 2098 XXV.
391 2057 482 2098 906.
512 2057 549 2097 7.
607 2058 773 2107 Nexum,
804 2059 836 2097 si
866 2063 955 2097 sunt
975 2058 1211 2110 Fragmenta
1233 2059 1388 2098 CXXV.
1407 2063 1445 2098 et
1463 2059 1665 2099 CLXXXI.

133 2131 441 2184 coniungenda,
476 2130 594 2170 talem
629 2131 825 2182 quendam
859 2131 983 2170 fuisse
1019 2143 1189 2170 necesse
1225 2136 1310 2170 est:
1355 2131 1666 2181 1966611011)νο-

131 2202 284 2242 mineus
319 2215 339 2241 e
368 2202 499 2254 capite
530 2204 652 2242 latum
681 2203 940 2254 tegimentum,
964 2204 1191 2254 pastoralis
1219 2203 1376 2254 pileus:
1406 2207 1444 2242 et
1474 2203 1515 2242 z'n
1544 2215 1666 2242 manu

135 2278 258 2324 χαῖον
289 2274 466 2325 habens,
507 2280 545 2313 et
574 2287 595 2313 e
623 2275 790 2314 sin-istro
830 2274 997 2314 brachio
1022 2275 1258 2326 pendentem
1287 2275 1533 2325 ampullam,
1562 2286 1667 2314 con-

134 2344 292 2385 cinnam
323 2347 536 2399 imaginem
566 2348 740 2386 rusticae
769 2347 1030 2399 simplicitatis
1063 2346 1278 2386 exhibebat
1296 2346 1458 2386 Hecale.
1491 2345 1554 2385 vel
1585 2346 1662 2385 ali-

133 2418 227 2469 quid
258 2418 399 2457 simile.
458 2419 585 2458 Unum
615 2431 678 2457 me
709 2419 942 2459 morabatur
971 2419 1010 2457 in
1040 2418 1119 2458 hoc
1149 2430 1270 2468 nexu,
1301 2417 1463 2471 καίρα.
1520 2416 1664 2471 καίρα

131 2488 373 2540 Epicorum‚
403 2489 496 2528 inde
535 2489 583 2528 ab
613 2489 811 2543 Homero,
853 2491 969 2530 etiam
1001 2491 1295 2539 recentiorum,
1339 2493 1378 2527 et
1409 2489 1473 2540 qui
1506 2488 1664 2528 suerunt

132 2565 223 2613 post
253 2560 562 2610 Callimachum,
604 2572 684 2600 non
728 2561 832 2601 solet
871 2561 1059 2612 copulare
1092 2561 1351 2613 simpliciter,
1398 2560 1472 2599 sed
1514 2572 1660 2600 novam

132 2633 357 2672 sententiae
390 2634 699 2671 conversionem
740 2632 915 2671 indicat:
957 2637 997 2671 ut
1043 2633 1273 2684 plerumque
1314 2633 1494 2684 graviori
1533 2633 1664 2672 inter-

129 2705 347 2756 punctione
380 2716 478 2756 opus
513 2705 564 2743 sit
597 2709 688 2743 ante
723 2704 793 2743 καί
820 2702 897 2757 ῥα,
929 2715 1008 2743 11011
1040 2709 1249 2744 commate.
1309 2705 1357 2744 Ut
1384 2704 1663 2754 Callimachus,

130 2778 164 2816 si
196 2778 283 2828 quis
312 2777 533 2829 exemplum
566 2781 752 2827 expetat,
786 2776 824 2816 h.
854 2778 892 2815 in
925 2777 1006 2816 Iov.
1028 2777 1092 2816 28.
1153 2777 1227 2816 Ubi
1254 2777 1416 2829 propius
1448 2776 1500 2817 ad
1529 2776 1663 2828 signi-

129 2849 354 2890 ficationem
374 2849 564 2901 simplicis
587 2848 754 2900 copulae
787 2848 943 2889 accedit
976 2849 1052 2889 καί
1077 2847 1146 2902 ῥα,
1177 2849 1255 2888 1106
1284 2854 1417 2890 tamen
1451 2848 1664 2889 observari
