1856 3126
759 128 1066 165 -217—

142 244 346 297 poeticum
378 243 562 284 intulerit.
623 243 910 293 Conseruntur,
944 247 984 282 ut
1016 242 1233 282 consistam
1264 242 1302 280 in
1336 240 1398 280 his
1429 250 1529 291 (piae
1565 250 1665 290 pro-

142 317 270 364 xima,
314 312 471 366 βαλήν,
519 311 708 365 ἀγγάρου
758 311 900 365 πυρός.
971 316 1212 364 Quamquam
1259 313 1386 350 maior
1433 309 1663 350 Callimachi

144 388 312 427 audacia
346 385 564 437 videbitur,
592 390 631 424 ut
660 387 896 425 recentioris
930 389 1088 436 poetae.
1145 385 1204 423 De
1247 383 1404 434 origine
1442 383 1554 422 vocis
1584 383 1665 421 ὁά-

143 457 458 510 νάκης“])οιέἰοεῑ
486 456 776 508 quaestionem,
806 468 919 507 quam
937 455 1153 495 Salmasius
1183 459 1219 493 et
1251 453 1398 493 laudati
1421 453 1469 493 ad
1490 452 1663 504 llesych.

144 535 183 568 ct
216 530 408 569 Pollucem
440 530 604 581 agitant,
637 528 712 567 iam
743 539 1017 580 seposueram,
1048 538 1164 578 quum
1193 528 1300 566 sensi
1333 525 1528 577 piaculum
1559 535 1664 573 esse,

146 602 251 652 quod
286 605 503 652 promptum
537 604 791 651 paratumque
826 598 1009 637 auxilium
1035 598 1196 646 habeas,
1227 609 1276 635 eo
1306 609 1385 636 non
1417 597 1482 634 uti.
1543 595 1666 647 Igitur

146 675 310 722 rogatus
349 682 369 708 a
404 682 466 709 me
495 671 555 708 vir
589 670 727 708 harum
760 670 980 722 linguarum
1011 669 1299 719 peritissimus,
1329 673 1468 720 gratus
1508 667 1664 718 collega

148 741 257 788 mihi,
288 741 535 780 Christianus
564 740 780 788 Lassenus,
811 739 860 778 de
892 740 1049 790 origine
1080 739 1192 777 vocis
1223 740 1404 789 persica,
1437 743 1476 778 et
1507 740 1539 777 si
1573 737 1665 789 quid

146 814 242 852 sciri
274 812 322 852 de
349 824 500 865 genere
522 812 635 851 vocis
667 811 847 863 persicae
879 815 917 849 et
942 812 1158 862 quantitate
1183 814 1332 861 posset,
1364 809 1464 848 haec
1494 821 1668 861 respon-

145 883 202 922 dit
236 883 449 923 admodum
480 883 690 923 benevole.
758 883 886 922 Primo
918 894 1019 934 quae
1050 881 1179 921 adhuc
1222 882 1453 932 propositae
1485 881 1667 932 explica-

144 956 274 994 tiones
303 956 415 995 vocis
449 955 605 1005 suerint,
634 955 810 993 incertas
841 958 1130 1006 suspectasque
1163 965 1267 1002 esse,
1299 954 1440 1004 quippe
1471 953 1615 1004 petitas
1644 963 1666 990 e

143 1028 369 1066 recentiore
399 1028 534 1079 lingua
564 1027 743 1078 persica,
773 1027 812 1065 in
845 1038 920 1077 qua
947 1030 1085 1065 vetera
1117 1026 1313 1065 vocabula
1351 1026 1507 1076 persica
1548 1036 1666 1076 pror-

145 1110 213 1138 sus
244 1098 525 1138 transformata
555 1103 780 1138 cernantur.
839 1098 881 1137 In
912 1102 1050 1137 vetere
1080 1109 1268 1138 sermone
1296 1099 1457 1149 persico
1487 1108 1532 1136 so
1561 1107 1670 1135 non-

147 1170 236 1209 dum
279 1170 505 1222 repperisse
551 1181 692 1208 rocem
731 1169 857 1208 illam:
900 1181 981 1209 non
1021 1170 1154 1208 mirari
1200 1174 1364 1219 tamen,
1405 1169 1469 1220 qui
1500 1168 1665 1219 cogitet,

148 1253 264 1294 quam
296 1242 345 1281 sit
373 1242 512 1281 notitia
538 1243 686 1281 veteris
717 1243 917 1281 sermonis
958 1242 1107 1293 persici
1136 1241 1392 1293 impe1·l'ecta;
1426 1252 1473 1278 ac
1507 1240 1670 1278 minime

147 1325 301 1365 negare
341 1314 540 1366 persicam
581 1324 684 1353 esse.
755 1313 936 1352 Formam
973 1325 1045 1364 per
1089 1325 1132 1352 se
1170 1314 1334 1365 probam
1376 1323 1493 1361 esse,
1544 1316 1581 1350 et
1620 1323 1671 1350 ex

145 1398 257 1424 inore
287 1390 425 1424 vetere
452 1386 638 1436 persico:
668 1385 926 1424 masculinum
959 1385 1164 1436 cIcImz'ltds5
1194 1385 1257 1424 vel
1289 1386 1406 1426 etiam
1439 1385 1672 1436 altanum-ax,

146 1470 166 1496 a
204 1456 341 1496 radice
377 1457 456 1506 (Isi,
496 1457 606 1496 dare.
678 1458 852 1504 Quorum
901 1459 1072 1497 maxime
1113 1463 1315 1510 postrema
1358 1458 1530 1498 iucunda
1576 1458 1671 1497 mihi

149 1533 332 1579 suerunt,
365 1534 404 1569 et
436 1534 550 1582 grata
581 1531 629 1569 ad
665 1530 970 1583 disputationem
1006 1531 1054 1570 de
1086 1542 1233 1584 graeca
1270 1531 1429 1583 quidem
1458 1543 1561 1569 roce
1594 1531 1671 1569 iam

149 1601 370 1642 absolutam
401 1603 600 1641 accessio.
661 1602 906 1653 Quamquam
943 1603 975 1641 si
1011 1603 1277 1643 demonstrari
1312 1607 1477 1656 posset,
1514 1604 1674 1654 longam

149 1675 281 1714 Persis
313 1674 435 1713 fuisse
466 1689 515 1712 ra
552 1673 769 1727 syllabam,
799 1686 880 1713 non
909 1680 1173 1727 sequeretur,
1206 1677 1375 1715 eandem
1407 1676 1524 1715 etiam
1555 1675 1677 1714 Calli-

151 1746 293 1786 macho
327 1745 515 1785 debuisse
549 1746 710 1798 longam
742 1759 846 1786 esse.
915 1748 1010 1787 Sunt
1051 1748 1152 1800 apud
1182 1748 1425 1800 Aeschylum
1464 1748 1503 1786 in
1545 1747 1675 1787 Persis

152 1819 313 1857 nomina
344 1818 503 1869 propria
534 1819 719 1858 nonnulla
739 1849 749 1868 ,
779 1818 898 1872 longa
931 1820 1169 1871 penultima,
1201 1821 1267 1860 ubi
1305 1832 1355 1859 ex
1383 1831 1494 1858 more
1526 1831 1676 1872 graeco

153 1894 365 1940 exspectes
396 1889 586 1940 brevem3
618 1895 735 1942 atque
777 1893 828 1931 ibi
861 1894 1036 1944 suspicio
1071 1897 1131 1932 est
1166 1893 1387 1944 quaedam,
1419 1893 1578 1944 longam
1613 1891 1678 1930 sa-

156 1968 259 2002 etam
294 1975 384 2002 esse
430 1964 478 2003 ab
521 1964 724 2017 Aeschylo
767 1966 805 2004 in
845 1966 1102 2005 imitationem
1143 1965 1381 2004 insolentiae
1427 1965 1676 2004 barbaricae.

153 2036 438 2076 Callimachum
473 2041 589 2087 puto,
621 2049 737 2088 quum
777 2037 944 2076 liberum
978 2042 1110 2086 esset,
1148 2038 1185 2076 in
1228 2049 1330 2076 voce
1364 2036 1546 2089 ὸανάκης
1585 2036 1678 2076 illud

151 2110 405 2163 praetulisse,
438 2108 545 2160 quod
577 2110 635 2148 ori
666 2120 816 2161 graeco
842 2109 996 2149 facilius
1030 2115 1147 2161 atque
1173 2109 1527 2147 accommodatius.
1587 2107 1680 2159 Syl-

152 2183 269 2223 labae
301 2187 430 2222 autem
465 2181 516 2220 δα
552 2182 753 2233 correptio
786 2183 904 2221 etiam
937 2194 986 2221 eo
1017 2194 1061 2221 se
1094 2181 1412 2229 commendabat,
1446 2180 1552 2232 quod
1581 2192 1681 2231 pro-

155 2255 356 2294 nuncianti
392 2253 469 2293 hoc
500 2265 647 2292 nornen
683 2252 834 2293 homini
874 2265 1024 2305 graeco
1054 2259 1195 2305 sponte
1231 2265 1275 2292 se
1308 2253 1502 2292 offerebat
1529 2264 1679 2305 graeca

156 2326 387 2377 originatio‚
420 2323 556 2374 δάιός,
585 2322 762 2375 ὃάηιοιι,
787 2336 863 2376 quo
900 2325 985 2376 ipso
1016 2326 1214 2365 vocabulo
1248 2325 1285 2363 in
1316 2324 1456 2363 eadem
1487 2336 1532 2364 rc
1559 2329 1682 2363 utun-

155 2401 218 2436 tur
248 2396 390 2436 Suidas
431 2401 469 2435 et
505 2397 666 2436 Photius
709 2399 747 2437 in
790 2395 1074 2450 Kapza'dorza
1116 2397 1179 2436 vel
1223 2394 1512 2449 Καρκαὸόναε
1554 2394 1679 2436 τοῦτο

156 2469 319 2519 λέγεται
350 2467 570 2521 Χάροπος
602 2466 779 2521 δάνειον,
809 2465 1093 2520 συναγόμενον
1120 2469 1164 2508 ἐκ
1193 2469 1267 2507 τοῦ
1301 2469 1455 2517 ὀβολοῦ
1479 2468 1556 2507 τοῦ
1577 2484 1680 2519 συγ-

156 2539 437 2591 κηδευομέιόυ
468 2544 553 2586 τοῖς
582 2540 839 2580 τελευτῶσιν.
900 2541 1061 2580 Scilicet
1095 2542 1199 2591 quod
1232 2541 1349 2579 nobis
1380 2539 1539 2591 accidit,
1570 2539 1608 2578 id
1643 2540 1682 2578 in

157 2611 323 2651 Graecis
353 2623 512 2662 quoque
544 2612 794 2661 observatur,
825 2617 866 2651 ut
896 2613 1121 2664 peregrinis
1155 2617 1193 2651 et
1226 2613 1362 2664 ignota
1382 2611 1522 2651 radice
1551 2623 1680 2650 voca-

156 2683 260 2722 bulis
291 2683 507 2735 cogitando
538 2695 626 2722 eain
658 2683 946 2724 derivationem
978 2685 1394 2736 significationemque
1423 2684 1682 2733 subiicerent,

158 2766 260 2806 quae
291 2757 451 2808 propria
486 2755 618 2795 verbis
651 2756 778 2795 simile
809 2757 1043 2796 sonantibus
1073 2758 1232 2808 graecis
1264 2759 1384 2795 esset.
1444 2753 1516 2794 τὸν
1545 2751 1683 2794 ‹iami-

164 2840 238 2880 κην
269 2827 408 2879 fuisse,
442 2839 522 2868 non
550 2824 623 2880 τήν
653 2825 848 2881 damma,
878 2828 1001 2868 credo
1034 2828 1289 2883 EtymologQ
1320 2828 1482 2876 Polluci,
1512 2831 1590 2867 tum
1621 2827 1684 2867 vi-
