1856 3126
742 118 1050 156 -161—

127 238 272 289 video,
303 233 565 277 addubitabat
592 235 866 277 Schneiderus
898 237 937 275 in
965 235 1132 276 Lexico.
1188 234 1240 275 At
1269 232 1419 276 Suidae
1462 234 1667 287 interpre-

127 314 252 353 tatio:
299 306 534 360 Περίθριξ·
581 304 601 346 ὅ
632 304 714 346 ἀπὸ
751 309 920 359 γενὲτῆς
951 307 1191 359 πλόκαμος,
1227 305 1248 346 ὁ
1293 308 1470 360 μηδέπω
1509 307 1667 358 καρείς,

124 395 209 424 non
239 383 346 422 bene
377 379 569 420 convenit
595 378 633 417 in
664 383 839 430 poetam,
869 380 935 431 qui
963 380 1093 431 magis
1128 379 1266 430 voluit,
1296 378 1404 430 quod
1431 379 1668 431 germanice

125 452 293 494 reddas:
340 452 448 492 noch
487 450 833 490 lockenumhaart.
892 450 972 492 Sed
1010 449 1105 501 quid
1146 450 1180 490 si
1225 449 1326 490 alius
1368 454 1540 502 poetae,
1585 461 1670 490 non

127 523 374 574 Callimachi,
410 523 534 563 verba
564 523 679 563 sint?
734 523 883 563 Fateor
910 523 1040 572 enim,
1079 520 1188 574 quod
1227 523 1266 561 in
1296 522 1485 574 Epistolis
1517 535 1540 562 a
1569 522 1672 562 Titt-

130 607 278 636 manno
317 595 436 635 editis
466 594 756 646 Rulmkenius,
802 595 868 635 ubi
906 592 1239 645 α’ποσπασμάτια
1284 594 1481 646 quaedam
1520 594 1671 637 Suidae

126 677 343 720 suppresso
384 672 530 719 poetae
562 667 724 707 nomine
757 668 877 707 citata
915 666 966 706 ad
1000 666 1286 707 Callimachum
1326 666 1478 718 refert,
1526 666 1576 706 de
1624 678 1670 706 se

127 740 267 782 scribit
296 752 332 792 p.
362 740 426 780 22.
461 739 620 779 amabili
664 739 884 779 modestia:
926 738 1061 777 Facile
1102 751 1164 777 me
1204 736 1246 776 in
1284 740 1487 779 nonnullis
1528 740 1673 779 horum

125 812 363 853 coniectura
387 812 534 863 fallere
556 815 712 862 polest:
741 811 815 850 sed
833 811 903 862 qui
921 815 1133 862 utramque
1151 811 1433 864 Antltoloyiam
1461 816 1499 851 et
1529 813 1675 851 editam

127 890 168 924 et
193 884 407 935 ineditam,
435 884 604 934 itemque
635 886 790 923 ceteros
817 886 964 934 poetas
1005 887 1195 922 accurate
1227 895 1317 923 cum
1347 883 1469 925 Suida
1512 883 1676 933 contuli,

127 957 271 997 videor
299 956 395 996 mihi
428 956 477 995 cle
514 955 577 995 his
610 955 817 1006 aliquanto
851 955 1002 994 certius
1042 966 1169 1007 posse
1204 955 1514 1006 pronunciare:
1560 954 1600 994 id
1638 955 1676 995 si

130 1028 181 1069 de
211 1041 274 1069 me
306 1029 444 1069 dicere
475 1029 615 1079 velim,
652 1027 738 1081 plus
777 1039 840 1067 me
881 1027 1059 1068 mihimet
1101 1031 1382 1081 arrogaturum
1424 1039 1517 1068 esse
1557 1039 1677 1080 quam

129 1113 267 1142 verum
299 1106 372 1142 est.
431 1101 519 1154 Ego
551 1112 707 1141 memor
734 1101 906 1140 Hecales
938 1105 1080 1153 poetas
1113 1100 1209 1153 legi,
1246 1112 1319 1140 eos
1347 1100 1536 1151 maxime,
1570 1111 1676 1153 quo-

130 1185 218 1214 rum
251 1177 316 1213 aut
348 1177 584 1226 argumenta
618 1177 685 1212 aut
714 1184 844 1225 genus
872 1172 1037 1212 dicendi
1070 1172 1121 1212 ad
1153 1184 1307 1213 morem
1341 1171 1574 1213 Callimachi
1601 1184 1677 1212 ac-

132 1245 282 1285 cedunt
309 1246 495 1297 propius:
531 1256 609 1296 quo
642 1244 802 1298 quidem
830 1245 950 1284 etiam
979 1243 1229 1297 Anthologia
1267 1245 1453 1296 pertinet.
1511 1243 1675 1285 Suidam

131 1317 484 1371 pervolutavibnon
515 1316 785 1370 indiligenter.
845 1315 894 1355 Et
923 1316 1109 1367 quoniam
1131 1316 1405 1370 Anthologiae
1431 1317 1677 1356 mentionem

132 1388 241 1439 feci,
272 1389 385 1428 cuius
427 1390 629 1442 ingenium
662 1401 896 1441 moremque
927 1392 1081 1441 spirare
1115 1391 1215 1440 ista,
1255 1388 1315 1431 ἔτι
1344 1387 1574 1441 πλοκάμοιο
1600 1404 1680 1429 πε-

134 1462 303 1514 ριθριξ,
335 1460 559 1513 videantur,
591 1461 688 1501 nihil
720 1473 812 1501 esse
842 1462 945 1513 apud
973 1462 1135 1502 Suidam
1166 1476 1218 1503 ex
1237 1462 1483 1515 Anthologia
1513 1463 1680 1503 desum-

132 1537 262 1585 ptum,
295 1532 401 1584 quod
436 1545 500 1573 me
534 1533 680 1587 lateat,
723 1544 806 1592 non
841 1533 1057 1585 spondeo:
1102 1538 1143 1574 at
1187 1539 1337 1575 tantum
1375 1534 1560 1586 spondeo
1583 1565 1594 1586 ,
1640 1536 1680 1574 in

131 1606 377 1659 Anthologia
408 1619 539 1659 neque
576 1608 680 1659 hoc,
710 1605 769 1648 ἔτι
801 1605 1036 1659 πλοκάμοιο
1066 1605 1290 1660 περιθριξ,
1321 1607 1513 1659 reperiri,
1546 1619 1680 1660 neque

134 1690 239 1730 quae
272 1679 348 1720 alia
379 1679 708 1731 αἠοσπασμάτια
741 1692 964 1732 anonyma,
997 1691 1048 1719 cx
1078 1679 1201 1720 Suida
1242 1679 1439 1731 maxime,
1471 1680 1559 1719 sive
1591 1680 1678 1732 ipse

135 1750 223 1790 sive
263 1750 350 1790 aliis
391 1751 674 1802 praeeuntibus
718 1751 921 1791 vindicavi
964 1749 1223 1790 Callimacho.
1339 1751 1504 1791 Praeter
1538 1764 1678 1803 unum,

131 1822 244 1864 Suid.
274 1835 311 1862 v.
346 1824 577 1876 Φιληὸῶν,
620 1822 725 1874 quod
765 1834 871 1876 ego,
903 1823 1100 1875 Diogenis
1139 1823 1288 1864 Laertii
1332 1827 1371 1863 ct
1405 1823 1680 1877 Anthologiae

132 1896 339 1936 Palatinae
372 1900 450 1935 tum
480 1895 640 1947 quidem
671 1898 904 1948 immemor,
938 1895 1171 1936 Callimachi
1209 1907 1303 1936 esse
1333 1897 1452 1936 nimis
1491 1897 1678 1937 credulus

130 1967 371 2008 Ruhnkenio
403 1968 562 2020 (Epistt.
590 1969 717 2009 Tittm.
745 1981 781 2021 p.
806 1970 896 2018 91.)
938 1980 1227 2009 concesseram
1259 1973 1299 2009 et
1337 1968 1388 2009 ad
1419 1969 1562 2022 elegos
1606 1981 1677 2009 re·-

131 2041 300 2080 tuleram
332 2041 546 2080 infeliciter
570 2042 609 2080 in
641 2041 821 2081 editione
853 2041 1002 2094 Capitis
1033 2041 1115 2081 VII.
1148 2042 1288 2094 prima.
1402 2042 1476 2082 Hic
1504 2042 1678 2082 animum

131 2113 254 2163 addit,
282 2117 403 2165 utque
436 2112 701 2153 confidentius
733 2115 908 2167 cogitem
933 2113 982 2153 de
1007 2113 1267 2164 Callimacho,
1299 2114 1396 2154 facit
1424 2115 1575 2167 peritus
1599 2114 1678 2153 stili

132 2185 391 2226 Callimachei
419 2185 597 2235 arbiter,
625 2186 823 2238 Toupius,
852 2187 918 2238 qui
949 2190 989 2226 et
1017 2187 1102 2239 ipse
1142 2187 1183 2226 in
1216 2186 1320 2238 isto,
1353 2182 1414 2226 ἔτι
1446 2185 1679 2242 πλοκάμοιο

132 2260 357 2311 ηερίθριξ,
387 2258 670 2298 Callimachum
702 2270 931 2312 agnoscere
963 2259 1038 2299 sihi
1068 2259 1179 2298 visus
1211 2263 1319 2309 erat,
1346 2263 1388 2298 ut
1418 2270 1524 2298 nunc
1561 2258 1677 2297 disco

133 2341 185 2368 ex
218 2329 460 2370 Gaisl'ordio.
522 2331 657 2383 ltaque
692 2335 734 2371 ut
766 2331 914 2384 aliquid
944 2330 1087 2371 ludens
1119 2331 1323 2384 effingam,
1356 2330 1463 2382 quod
1487 2331 1679 2370 Callima-

133 2401 250 2440 chum
282 2402 419 2453 spiret,
451 2405 577 2455 potuit
609 2404 673 2443 ille
706 2403 756 2444 de
776 2404 933 2444 Theseo
964 2404 1032 2455 ita,
1065 2403 1275 2456 eleganter
1306 2405 1477 2456 repetito
1510 2400 1593 2443 ἕτιε
1622 2429 1676 2435 -

133 2472 194 2515 ἔτι
226 2474 426 2525 παιδικός,
467 2473 525 2516 ἔτι
565 2476 796 2528 πλοκάζιιοιο
842 2478 1052 2529 περιθριξ.
1095 2476 1158 2517 vel
1202 2474 1263 2517 ἔτι
1305 2477 1470 2528 κοῦρος.
1534 2476 1677 2517 Miseni

132 2548 293 2588 colores
324 2548 466 2598 partim
499 2560 550 2587 ex
577 2548 793 2600 Apollonio
828 2547 855 2587 1.
883 2548 976 2588 508.
1011 2547 1147 2587 11.43.
1177 2545 1215 2587 4.
1248 2548 1363 2597 (coll.
1383 2548 1503 2598 779.)
1539 2548 1675 2601 Cyne-

131 2625 213 2675 get.
246 2620 307 2660 IV.
339 2618 433 2660 347.
465 2619 600 2672 Epigr.
631 2619 780 2661 α’δεσπ.
813 2620 999 2659 DCXCV.
1026 2622 1059 2659 l.
1096 2619 1214 2660 Anth.
1238 2619 1316 2658 Pal.
1350 2619 1392 2659 T.
1414 2619 1460 2659 11.
1491 2621 1675 2673 Append.

131 2706 169 2746 p.
201 2692 295 2734 854.
329 2696 368 2732 ot
398 2692 431 2732 si
464 2691 607 2743 dignus
637 2691 688 2730 sit
715 2691 920 2730 mentione
951 2691 1187 2744 GregoriuS,
1218 2692 1419 2745 Gregorio
1450 2692 1580 2733 Carm.
1609 2694 1677 2734 XI.

132 2763 200 2804 54.
233 2764 374 2817 partim
407 2775 428 2802 e
460 2762 610 2801 Gallim.
642 2761 678 2800 h.
712 2761 795 2802 Iov.
825 2762 891 2801 57.
925 2762 963 2801 h.
995 2763 1110 2801 Dian.
1146 2764 1182 2802 5.
1222 2760 1281 2803 14.
1313 2763 1380 2803 43.
1417 2763 1483 2805 72.
1543 2766 1593 2807 Et
1615 2764 1681 2808 ἔτι

133 2838 285 2889 κοῦρος
319 2835 422 2888 apud
452 2835 636 2876 Nonnum
668 2834 732 2874 IX.
765 2834 858 2874 201.
894 2833 1004 2886 XIII.
1029 2834 1094 2875 90.
1122 2834 1217 2875 549.
1264 2835 1401 2876 XVIII.
1422 2836 1515 2879 220.
1557 2838 1679 2882 XXV.

231 2918 357 2951 Nachti
386 2919 505 2962 Opus-c.
533 2916 575 2949 11,
1364 2909 1410 2948 lI.
