1856 3126
785 127 1089 164 —188—

177 258 288 297 nam,
326 246 494 298 primum
533 243 679 284 Statius
727 242 844 292 facit,
886 241 1008 283 Theb.
1057 239 1141 281 XII.
1174 240 1269 281 618.
1303 240 1340 279 9.
1371 237 1492 278 Mittit
1520 238 1563 277 in
1590 248 1708 278 arma

170 329 315 358 manus
340 315 564 368 genialibus
591 313 751 365 hospita
780 313 885 352 clivis
915 312 1056 362 Icarii,
1086 312 1270 364 Celeique
1302 311 1454 360 domus,
1482 310 1711 361 viridesque

170 389 390 428 Melaenae.
450 387 517 426 ubi
549 386 666 426 Icarii
697 386 885 437 Celeique
936 384 1184 435 habitationi,
1232 395 1398 436 quorum
1441 383 1547 422 hunc
1595 393 1711 421 com-

170 460 299 500 munis
332 458 464 499 sabula
493 458 672 498 Eleusini
704 458 903 510 assignat,
940 467 1021 495 non
1052 460 1202 495 temere
1245 455 1456 495 adiunctae
1499 453 1710 494 Melaenae

169 532 369 572 videntur.
427 530 511 570 Etsi
539 512 619 569 non
654 529 771 569 decet
801 533 1030 568 accuratam
1062 527 1350 580 topographiae
1384 527 1708 567 observationem

173 607 415 656 exspectare
443 615 464 642 a
487 602 636 651 Statio,
669 601 732 652 qui
763 600 893 652 paullo
920 604 1032 652 post,
1066 600 1155 640 aliis
1185 598 1287 639 loeis
1306 600 1540 649 interiectis,
1567 600 1708 638 iterum

173 676 324 716 diserte
371 674 600 714 Eleusinem
642 672 790 723 infert,
829 686 867 712 v.
912 672 1007 712 627.
1074 671 1230 712 Deinde
1281 683 1368 710 cum
1425 670 1708 722 interpretibus

167 744 371 797 Stephani,
403 743 605 795 Berkelio,
637 743 860 794 Holstenio‚
899 748 937 783 et
972 742 1131 782 Valesio
1179 742 1218 782 in
1246 743 1481 795 Harpocrat.
1532 754 1570 794 p.
1608 741 1704 782 429.

167 816 256 857 Vol.
286 815 331 855 11.
359 815 462 867 Lips.
495 814 658 854 easdem
692 813 922 854 Callimachi
948 812 1159 853 Melaenas
1191 826 1284 854 esse
1316 819 1355 854 et
1383 815 1591 854 Melaenas
1618 815 1704 853 sive

169 889 365 930 Celaenas
400 892 530 928 sta-tuo
560 887 670 939 illas,
703 887 753 927 de
783 887 925 938 quibus
956 886 1100 926 bellum
1145 887 1238 926 olim
1269 889 1450 941 gessisse
1479 887 1705 927 Athenien-

169 973 235 1002 ses
267 973 354 1000 cum
388 960 565 1010 Boeotis,
607 960 895 1010 victoriamque
943 959 1044 998 miro
1087 958 1259 1010 quodam
1310 963 1457 998 eventu
1507 957 1703 1010 obtigisse

169 1033 260 1073 duci
289 1032 594 1072 Atheniensium
626 1034 790 1070 narrant:
817 1030 1040 1082 Polyaenus
1089 1030 1116 1073 1.
1153 1030 1213 1069 19.
1254 1029 1502 1069 Scholiastes
1541 1029 1704 1068 Aristo-

166 1105 308 1158 phanis
335 1104 425 1144 I‘ac.
459 1102 553 1143 890.
581 1101 758 1142 Acharn.
795 1099 884 1145 146,
921 1100 1064 1142 Suidas
1094 1114 1131 1140 v.
1159 1096 1428 1151 Ἀπατούρια
1460 1105 1499 1141 et
1529 1113 1567 1145 v.
1617 1102 1704 1141 Κε-

166 1176 320 1228 λαιναί,
347 1175 609 1228 Etymologus
648 1187 686 1214 v.
719 1176 965 1227 Κουρεῶτις
1012 1173 1084 1223 (ef.
1122 1186 1159 1213 v,
1198 1171 1478 1224 Ἀπατούρια,
1521 1172 1594 1213 sed
1636 1173 1704 1212 ubi

166 1260 313 1288 nomen
342 1260 424 1288 non
455 1251 517 1286 est
542 1246 661 1296 loci),
693 1245 1077 1298 ltlich..Apostolius
1116 1244 1177 1286 111.
1233 1244 1299 1284 74.
1361 1244 1487 1291 Quum
1537 1244 1702 1285 easdem

167 1320 281 1369 dieo,
311 1318 442 1358 locum
476 1317 561 1357 fere
592 1317 761 1358 eundem
794 1316 901 1357 volo.
959 1316 1056 1356 Nam
1098 1315 1229 1356 differt
1257 1315 1521 1356 Callimachus
1553 1329 1575 1356 a
1604 1328 1703 1356 cae-

168 1393 266 1432 teris
298 1403 377 1439 eo,
424 1391 531 1443 quod
577 1391 663 1442 ipse
700 1389 905 1429 ltlelaenas
948 1389 1079 1441 δῆμον
1117 1390 1258 1437 vocat,
1300 1386 1355 1426 illi
1395 1399 1489 1428 suas
1527 1389 1701 1442 χωρίον.

165 1465 379 1504 Praeterea
398 1468 439 1503 ut
460 1463 509 1503 de
529 1463 726 1515 scriptura
758 1462 1046 1514 quaestionem,
1068 1460 1278 1500 Melaenae
1307 1471 1356 1499 an
1373 1459 1584 1512 Celaenae,
1610 1461 1700 1501 aliis

169 1535 471 1588 disceptandam
509 1535 745 1587 relinquam,
795 1538 915 1586 utque
973 1534 1120 1573 mittam
1181 1533 1445 1573 differentiam
1493 1538 1698 1583 accentus,

167 1610 393 1650 ,Μελαιναί
418 1620 468 1648 an
503 1607 734 1658 Μέλαιναι,
763 1618 931 1658 quorum
963 1606 1054 1646 illud
1085 1607 1170 1645 fere
1198 1606 1325 1657 magis
1356 1617 1401 1645 se
1432 1605 1700 1654 commendat,

166 1692 306 1720 rursus
351 1679 456 1720 aliud
505 1679 692 1719 differunt
732 1678 994 1731 Etymologus
1038 1679 1062 1718 l.
1094 1678 1119 1718 l.
1162 1677 1266 1729 apud
1308 1688 1424 1730 quem
1477 1679 1700 1731 Μελαίνης

168 1750 386 1804 genitivus,
417 1754 455 1789 et
483 1750 747 1802 Harpocratio
776 1762 814 1789 v.
844 1747 1132 1800 Ἀπατούρια,
1173 1749 1275 1800 apud
1319 1762 1435 1802 quem
1474 1751 1549 1803 τῆς
1599 1751 1701 1790 Με-

167 1823 332 1869 λαινιάς
363 1821 449 1872 (vel
478 1822 722 1872 Μελανιάς)
750 1820 911 1874 χώρας.
972 1821 1052 1860 lam
1081 1820 1283 1862 Melaenas
1311 1834 1342 1862 s.
1374 1817 1568 1862 Celaenas
1614 1820 1702 1860 illas

169 1907 286 1947 quum
318 1895 555 1949 Polyaenus,
585 1896 749 1946 caeteri,
778 1893 935 1948 χωρίον
963 1892 1162 1947 μεθόριον
1185 1895 1380 1948 Ἀττικῆς
1400 1894 1472 1934 καί
1493 1892 1702 1938 Βοιωτίας

166 1966 232 2006 vel
262 1968 421 2019 χωρίον
448 1966 492 2007 ἐν
519 1965 737 2019 μεθορίοις
766 1966 976 2019 appellent,
1004 1967 1210 2017 quaerenti
1239 1977 1315 2017 qua
1345 1966 1385 2005 in
1414 1969 1526 2018 parte
1553 1964 1701 2014 finium,

167 2038 387 2090 probabilis
418 2042 555 2090 parata
586 2038 799 2090 responsio
833 2049 884 2076 ex
913 2037 1154 2090 Etymologo
1185 2041 1224 2076 et
1253 2037 1420 2076 Conone
1452 2040 1536 2083 est,
1575 2035 1701 2074 fuisse

171 2108 335 2149 Oeneae
363 2110 537 2150 vicinas:
567 2122 658 2150 narn
688 2110 747 2149 sie
775 2109 1056 2161 Etymologus:
1087 2107 1322 2161 Ἀθηναίων
1351 2106 1453 2160 πρὸς
1484 2105 1702 2153 Βοιωτούς

169 2180 349 2233 πόλεμον
376 2177 561 2233 ἐχόντων
591 2181 718 2233 περὶ
751 2177 954 2234 Οἰνόης
980 2177 1073 2220 καί
1105 2180 1421 2233 ΠΙελαι’νης;
1454 2180 1595 2220 Conon
1626 2191 1702 2218 au-

170 2257 247 2294 tem
275 2254 429 2294 Narrat.
457 2253 637 2294 XXXIX.
670 2253 719 2292 de
748 2252 893 2292 eodem
922 2252 1044 2292 bello:
1075 2251 1319 2305 Ἀθηναίοις
1361 2252 1406 2291 δὲ
1449 2252 1519 2292 καὶ
1564 2254 1702 2292 Βοιω-

171 2330 255 2373 τοῖς
284 2326 464 2376 πόλεμος
493 2325 626 2377 ὑπὲρ
661 2324 864 2378 Οἰνόης
893 2325 1134 2375 συνίστατο,
1152 2324 1312 2364 omissis
1334 2323 1538 2363 Melaenis.
1590 2323 1703 2370 Quae

173 2397 310 2437 Oenoe
339 2398 373 2437 si
405 2402 486 2448 est,
515 2402 557 2437 ut
586 2402 648 2436 cst
677 2397 783 2436 haud
816 2396 935 2437 dubie
968 2426 978 2447 ,
1009 2397 1163 2436 vicinus
1192 2395 1415 2435 Eleutheris
1461 2395 1590 2447 δῆμος
1628 2395 1702 2445 τῆς

165 2470 537 2522 Ἱπποθοωντίδος,
589 2468 639 2508 de
685 2480 762 2520 quo
819 2469 936 2508 demo
989 2473 1079 2508 sunt
1111 2468 1320 2510 Strabonis
1359 2467 1458 2506 Vlll.
1518 2478 1557 2516 p.
1607 2465 1703 2504 375.

174 2541 292 2590 (577.
325 2541 395 2591 Α.)
428 2541 754 2593 Harpocrationis
783 2554 819 2580 v.
854 2540 977 2593 Οἰνὲη
1007 2540 1092 2590 (vel
1119 2540 1250 2592 potius
1285 2535 1432 2592 Οἰνόη)
1466 2538 1704 2586 testimonia,

176 2615 216 2650 et
264 2613 361 2652 viris
400 2613 546 2663 doctis,
587 2611 887 2652 Hemsterhusio
935 2612 974 2650 in
1012 2611 1175 2651 Lucian.
1227 2623 1264 2662 p.
1303 2610 1398 2650 438.
1442 2611 1602 2651 Wassio
1652 2607 1703 2647 ad

177 2681 353 2734 Thucyd.
387 2683 432 2723 ΙΙ.
468 2684 530 2723 18.
562 2683 830 2723 Valckenario
865 2683 914 2723 ad
942 2682 1133 2723 llerodot.
1161 2683 1206 2725 V.
1228 2682 1295 2723 74.
1329 2679 1704 2733 disputatasequi-

179 2759 241 2794 tur
286 2754 392 2805 quod
431 2759 609 2795 nostram
654 2755 694 2794 in
737 2767 819 2794 rem
861 2755 1101 2805 requiritur,
1134 2755 1258 2794 fuisse
1305 2753 1512 2794 Melaenas
1559 2751 1701 2790 finibus

179 2826 372 2866 Boeotiae
421 2827 613 2879 simulque
656 2827 950 2880 Megarensium
994 2829 1278 2878 conterminas,
1322 2826 1476 2867 vicinas
1513 2823 1702 2864 Eleusini.
