1820 3141
771 123 1044 162 -25-

160 240 210 280 de
241 252 319 293 quo
349 243 438 291 post
471 237 571 278 alios
601 237 861 289 Spanhemius
893 239 931 277 in
961 238 1162 290 Aristoph.
1195 237 1289 276 l‘lut.
1315 233 1407 276 596.
1464 234 1672 274 Hemster-

156 313 292 352 husius
321 311 359 349 in
382 310 544 350 Lucian.
565 309 666 349 Dial.
685 312 798 348 mort.
820 308 847 347 1.
877 321 914 359 p.
934 309 1028 348 397.
1061 309 1147 348 Vol.
1168 309 1212 348 ll.
1233 308 1317 359 Bip.
1351 306 1401 347 cf.
1425 304 1673 357 Antiphanes

153 382 297 422 Athen.
313 380 393 421 Vll.
412 393 449 433 p.
467 380 561 420 313.
579 380 621 420 Β.
640 381 681 419 C.
700 379 798 419 V111.
815 391 852 430 p.
869 379 965 418 358.
983 379 1023 418 F.
1047 383 1086 418 et
1113 380 1178 432 qui
1207 379 1379 418 sortasse
1411 376 1554 416 eodem
1577 386 1673 426 spe-

155 458 248 504 ctat,
266 453 448 506 Sophron
465 452 684 493 Athen.lll.
697 464 733 504 p.
750 442 840 492 110.
855 451 898 491 C.
917 455 958 490 ut
975 462 1081 489 nunc
1097 450 1298 490 restitutus
1317 460 1339 488 a
1355 447 1676 500 Schweighaeu-

155 537 248 565 sero
267 529 338 564 est.
369 525 582 565 Nicostrati
599 521 898 576 l'abillzl‘Ezdzq‚
918 523 1091 573 itemque
1104 519 1269 571 Diphili:
1290 519 1330 558 in
1347 519 1488 571 quihus
1505 519 1677 557 sortasse

155 596 227 635 l'uit
255 596 401 647 aliquid
431 595 507 634 huc
539 594 808 634 referendum.
923 593 1079 644 Optime
1123 595 1251 630 autem
1293 590 1397 628 inter
1441 600 1487 628 se
1530 591 1676 628 coeunt

154 679 356 718 umequam
384 666 535 706 Hecate
561 667 659 717 fies,
701 677 936 716 semperque
972 665 1103 703 istanc
1131 687 1182 693 —
1215 661 1431 701 aetatulam
1468 658 1676 706 obtinebis,

156 738 276 778 modo
305 742 456 788 teneas,
485 738 591 790 quod
623 738 700 777 iam
736 737 992 776 observatum
1020 735 1069 775 ab
1100 734 1202 784 aliis,
1232 732 1449 773 aetatulam
1475 743 1557 771 non
1585 742 1677 770 esse

156 814 326 850 aetatem
355 809 527 861 proprie,
558 808 630 848 sed
663 809 782 847 vitam
801 808 984 859 vitaeque
1017 804 1351 846 commoditatem.
1410 802 1570 842 Lacuna
1599 814 1677 841 au—

158 884 237 920 tem
268 884 330 919 est
356 880 547 919 inversu
576 878 680 918 Nam
709 879 748 918 si
777 879 934 931 quidem
963 879 1020 918 ita
1050 878 1132 918 eris
1164 881 1208 916 ut
1234 875 1341 926 volo,
1368 885 1572 924 nunquam
1604 877 1680 911 etc.

156 964 271 1004 quam
303 951 478 991 indicavi
514 955 620 991 nota.
679 951 773 991 Mihi
803 950 1016 1003 aliquando
1058 950 1098 989 in
1128 954 1302 989 mentem
1334 945 1444 985 venit
1475 943 1677 985 excidisse

155 1022 314 1073 edepol,
342 1022 427 1063 sic:
458 1034 661 1073 uunquam
693 1023 833 1073 edepol
862 1022 1014 1061 Hecate
1043 1021 1129 1071 fies.
1189 1019 1434 1070 Quamquam
1477 1015 1680 1056 fatendum

156 1098 218 1134 est
246 1093 342 1132 nihil
371 1106 433 1132 me
469 1094 574 1145 quod
608 1105 694 1132 eam
728 1094 1002 1133 coniecturam
1034 1090 1316 1140 commendet,
1349 1088 1527 1136 habere,
1558 1098 1682 1139 prae-

157 1170 218 1205 ter
246 1164 326 1204 hoc
354 1176 497 1215 unum,
529 1164 635 1216 quod
663 1176 813 1216 saepe,
847 1169 885 1204 et
919 1165 1004 1203 sere
1033 1164 1074 1203 in
1103 1162 1269 1215 singulis
1303 1159 1555 1201 sermonibus
1584 1160 1682 1211 suiS,

158 1238 262 1278 iurat
299 1237 403 1276 haec
433 1236 566 1275 Lena:
612 1235 736 1275 v.16.
763 1237 827 1275 24.
847 1235 916 1275 45.
938 1235 1005 1274 40.
1028 1236 1096 1275 88.
1155 1234 1215 1274 Ex
1260 1245 1309 1273 eo
1351 1232 1447 1272 nihil
1482 1232 1685 1281 ext1·ices;

155 1308 263 1362 quod
293 1309 419 1348 Pareo
449 1311 551 1347 teste
581 1307 620 1346 in
653 1307 696 1348 V.
729 1307 770 1346 C.
803 1308 899 1346 luit:
939 1319 1032 1363 uum
1062 1310 1100 1344 et
1136 1306 1237 1344 haec
1268 1309 1332 1344 ate
1357 1305 1389 1356 f.
1448 1304 1685 1356 praesertim

155 1394 286 1434 quum,
316 1385 358 1420 ut
386 1379 491 1419 idem
523 1379 669 1418 Parcus
701 1382 849 1428 monet,
878 1377 973 1416 illud
1005 1381 1042 1417 et
1071 1381 1216 1428 puncto
1248 1375 1351 1416 infra
1381 1386 1581 1426 supraque
1611 1386 1686 1414 se·-

155 1457 261 1506 ptum
294 1452 344 1492 sit
374 1451 422 1490 ab
458 1450 733 1501 emendatore,
765 1453 808 1489 ut
840 1453 1031 1501 appareat
1062 1448 1274 1488 delendum
1303 1459 1409 1488 esse.

269 1524 395 1571 Quum
426 1523 550 1563 semel
582 1523 686 1562 inter
716 1533 879 1562 errores
908 1532 1142 1571 versemur,
1173 1520 1323 1560 notabo
1355 1519 1472 1558 etiam
1500 1516 1688 1557 Beroaldi

158 1598 182 1636 l.
213 1596 238 1636 l.
270 1596 515 1648 aliorumque
544 1596 594 1636 ad
625 1595 852 1635 Petronium
884 1606 1078 1645 errorem,
1102 1591 1319 1633 Hecales-ta
1345 1591 1560 1643 scripsisse
1592 1588 1688 1629 Cal-

158 1668 382 1709 limachum.
440 1668 505 1709 Sic
537 1652 801 1708 Callimachus
828 1671 1013 1719 corrupte
1036 1668 1079 1707 ἐν
1106 1670 1191 1713 τοῖς
1213 1663 1438 1717 Αἰτησιόις
1459 1662 1689 1714 sive'th-

158 1744 265 1788 σιόις
296 1741 508 1793 (Αἰτίοις)
542 1741 700 1781 citatur.
757 1741 841 1780 Etsi
874 1739 1003 1780 differt
1037 1738 1186 1791 aliquid
1228 1739 1332 1777 inter
1362 1739 1595 1787 utrumque,
1624 1735 1685 1774 si-

161 1814 318 1865 quidem
349 1812 513 1852 Aetesia
543 1813 618 1851 iam
648 1817 761 1852 vetus
790 1812 966 1864 ipsorum
996 1812 1234 1863 scriptorum
1266 1820 1365 1848 sane
1396 1819 1480 1848 non
1507 1819 1684 1860 magno-

162 1896 269 1934 rum,
300 1884 488 1923 Chronici
518 1883 696 1923 l‘asehal.
740 1883 903 1922 Ioannis
943 1882 1139 1932 Malalae‚
1185 1886 1224 1921 et
1260 1881 1433 1920 sortasse
1473 1879 1686 1932 Fulgentii‚

162 1968 278 1996 error
312 1960 393 2006 est,
424 1960 464 1995 at
491 1955 706 1995 Hecalesz‘a
738 1955 836 1995 nihil
874 1955 952 1994 nisi
984 1953 1169 1994 Beroaldi
1200 1952 1446 2005 aliorumque
1474 1955 1685 2004 peceatum

162 2040 214 2068 ex
242 2027 344 2067 male
376 2026 479 2067 lecto
509 2027 702 2068 Plutarchi
731 2026 836 2067 loco.

272 2100 359 2140 Fuit
390 2099 652 2152 metaphrasis
699 2098 886 2139 carminis
922 2097 1179 2137 Callimachei
1211 2097 1411 2147 iambica,
1458 2107 1481 2135 a
1510 2095 1690 2135 Mariano

164 2172 296 2222 facta,
327 2173 392 2225 qui
434 2174 654 2224 imperante
685 2171 901 2212 Anastasio
940 2171 1086 2211 floruit.
1144 2168 1252 2211 Suid.
1285 2182 1323 2209 v.
1353 2165 1604 2220 Μαριανὸςε
1637 2190 1688 2197 -

164 2241 457 2297 ΙΙᾸΙειάφρασιν
501 2240 785 2296 Καλλιμάχου
824 2242 1033 2294 εΕκοὲλης,
1057 2239 1251 2295 Ὕανων,
1295 2242 1368 2282 καί
1404 2240 1487 2281 τῶν
1513 2238 1693 2290 Αἰτίων,

165 2312 236 2353 καί
273 2314 353 2354 τῶν
379 2313 748 2369 Ἐπιγραμμάτων,
791 2315 835 2356 ἐν
877 2311 1048 2366 ἰάμβοις
1091 2314 1203 2354 στωί.
1261 2313 1323 2352 Ex
1365 2323 1443 2365 qua
1486 2315 1689 2352 servatum

164 2396 348 2435 versum,
379 2387 525 2436 μέλπω
553 2387 600 2426 δὲ
640 2383 770 2439 γραὸς
808 2386 883 2438 τῆς
915 2386 1136 2440 φιλοξέψου
1180 2381 1385 2437 τρόπους,
1431 2382 1693 2432 coniicerem,

166 2456 243 2495 nisi
272 2456 376 2496 illum
407 2457 622 2497 Politianus
656 2471 707 2497 ex
739 2458 1026 2510 epigrammate
1057 2468 1148 2496 esse
1174 2456 1338 2495 diceret.
1397 2455 1690 2495 Animadverto

168 2528 299 2568 obiter
328 2528 406 2568 hoc
438 2540 595 2581 quoque
627 2541 734 2569 novo
766 2533 1001 2581 argumento
1042 2527 1270 2568 confirmari
1300 2527 1396 2565 satis
1436 2538 1509 2577 per
1543 2538 1588 2567 se
1617 2525 1691 2567 fir-

166 2612 270 2640 mam
297 2601 547 2652 superiorem
587 2601 968 2641 demonstrationem
1014 2600 1063 2639 dc
1107 2598 1354 2650 longitudine
1393 2597 1564 2638 Hecales
1609 2610 1691 2639 non

165 2673 299 2712 nimia.
360 2671 430 2711 Cui
473 2672 523 2711 ad
566 2671 835 2723 metaphrasin
866 2670 1068 2709 Theocriti
1104 2668 1246 2707 iambis
1290 2668 1423 2718 3150,
1462 2668 1512 2708 ad
1557 2673 1691 2708 meta-

165 2743 328 2796 phrasin
356 2745 720 2797 Argonauticorum
756 2742 960 2794 Apollonii
989 2741 1135 2780 iambis
1160 2739 1269 2781 5608
1312 2752 1410 2792 opus
1455 2740 1623 2791 fuisset,
1652 2740 1690 2781 ei

169 2819 211 2859 ut
239 2819 295 2859 tot
328 2815 557 2859 Callimachi
586 2819 770 2869 poemata
804 2812 1164 2870 comprehenderet
1191 2812 1462 2866 metaphrasi,
1492 2813 1561 2853 vix
1592 2811 1691 2853 satis
