1820 3141
725 122 1001 159 ...17-

103 237 276 275 mentem
303 233 435 283 venit,
465 233 543 274 huc
572 235 668 275 facit
696 232 863 291 ἆριγίνη
893 239 1174 292 Theognosti‘?
1230 238 1310 280 Sed
1343 250 1423 279 non
1463 241 1623 280 multum

99 305 240 346 laboro
270 315 318 343 ea
351 304 391 343 in
421 316 480 355 re,
511 307 551 346 in
579 318 654 358 qua
684 307 856 348 fortasse
885 322 974 349 cras
1004 311 1185 350 edendus
1212 313 1494 363 grammaticus
1521 312 1621 352 alius

101 380 252 416 certum
282 375 383 414 feret
413 377 611 417 auxilium.
657 378 812 417 Deinde
841 381 1001 419 nomina
1026 383 1197 433 propria.
1240 384 1290 422 Ut
1313 384 1489 436 ΙΠυρίνη
1519 382 1623 436 apud

97 446 312 486 Homerum
344 446 453 487 Iliad.
483 447 529 488 11.
560 447 655 488 814.
688 449 777 497 (ubi
811 448 1024 504 ΖΙΥΙυρήνης
1053 463 1145 492 esse
1174 453 1276 505 apud
1305 454 1542 508 nonnullos,
1572 465 1625 494 ex

95 519 241 558 vitiosa
269 520 622 570 pronunciatione,
654 522 933 562 animadvertit
964 523 1163 575 Heynius)
1194 529 1261 564 aut
1289 525 1373 575 suit,
1405 531 1472 565 aut
1498 527 1623 578 potuit

96 601 215 630 esse:
254 591 329 630 etsi
374 592 460 631 scio
498 590 662 632 Scholia
708 593 763 632 ibi
803 593 1132 646 Eustathiumque
1172 596 1406 635 nominativi
1453 597 1622 636 formam

95 663 270 700 statuere
299 660 418 712 hanc,
449 659 653 714 Mv'pma
675 661 739 701 vel
770 660 966 714 Μύρινα,
999 676 1101 715 quae
1133 666 1218 716 ipsa
1249 655 1353 718 apud
1383 668 1621 720 Lycophro-

93 743 186 771 nem
207 745 245 772 v.
266 733 357 775 243.
389 737 555 784 prostat.
615 731 764 772 Eadem
789 733 1045 786 ambiguitate
1075 735 1285 788 Μυρίνης,
1306 736 1494 792 Μυρίνῃ,
1517 738 1620 789 apud

93 802 311 843 Dosiadam
343 804 381 843 in
413 805 518 853 Ara,
558 803 680 854 alios,
722 804 878 856 legitur.
993 805 1161 844 Formae
1195 805 1332 857 huius,
1363 809 1540 861 (Datim,
1569 822 1620 848 ue

93 884 200 913 nunc
247 875 405 926 quidem
453 879 603 915 certum
659 876 880 928 exemplum
937 876 1097 917 habeo:
1153 878 1374 930 praepollet
1428 881 1618 920 Φίλιννα.

93 947 272 1001 Χοιρίνη
302 948 463 988 minime
498 953 725 1002 suspectum
759 961 933 988 nomen:
974 949 1049 989 etsi
1086 949 1136 988 de
1165 961 1293 989 uxore
1326 950 1524 1002 Euripidis
1554 952 1620 990 in-

91 1023 244 1059 certum
272 1025 348 1071 est,
379 1025 508 1061 utrum
536 1032 584 1061 ea
616 1020 816 1074 Χοιριίἠ,
847 1020 954 1073 quod
984 1021 1023 1061 in
1054 1020 1201 1061 Suidae
1233 1033 1271 1060 v.
1303 1021 1538 1074 Εὕριπίδης
1567 1021 1621 1061 li·-

89 1088 175 1129 hris
206 1094 316 1130 certe
345 1091 544 1143 plerisque
574 1095 614 1130 et
642 1092 682 1131 in
704 1090 839 1130 Schol.
862 1090 1143 1143 Aristophanis
1165 1105 1202 1145 p.
1221 1091 1315 1142 945,
1338 1093 1400 1132 15.
1418 1093 1481 1132 ed.
1499 1093 1616 1133 Dind.

90 1160 259 1213 legitur,
303 1173 353 1200 an
388 1161 569 1214 Χοιρίλη
609 1160 753 1211 suerit,
796 1162 903 1213 quod
943 1162 982 1202 in
1012 1162 1101 1202 Vita
1139 1162 1339 1214 Euripidis
1373 1167 1450 1202 tum
1492 1163 1618 1203 Aldus

90 1237 170 1272 tum
201 1232 379 1282 codices,
407 1233 699 1272 Ambrosianus
727 1232 924 1283 Elmsleii,
957 1233 1196 1273 Havniensis
1229 1234 1292 1283 (in
1323 1246 1401 1286 quo
1437 1234 1620 1285 Χοιρίλ-

88 1306 185 1356 λην)
217 1315 239 1343 a
268 1303 449 1353 Blochio,
483 1303 809 1344 Vindobonensis
844 1304 933 1344 119.
967 1305 1029 1354 (in
1058 1317 1136 1356 quo
1162 1305 1420 1358 Χοιρίλλαν)
1450 1306 1500 1344 ab
1519 1306 1614 1344 Ern.

88 1375 406 1414 Zimmermanno
441 1373 621 1425 collatus,
655 1375 857 1415 exhibent.
919 1386 998 1429 ego
1030 1376 1243 1427 aliquando
1268 1376 1475 1427 Χοιρίλῳ)
1498 1381 1615 1415 tene-

87 1447 193 1497 bam,
225 1451 341 1499 atque
373 1447 467 1486 inde
492 1447 639 1487 Suidae
667 1447 841 1500 glossas,
870 1446 1067 1501 Χοιρῖλη·
1101 1446 1124 1500 ἦ
1151 1446 1324 1499 Ἑκάβη,
1357 1452 1396 1486 et
1420 1447 1614 1498 Χοιρίλη·

85 1516 112 1571 ἡ
133 1513 306 1571 Ἑκάβη,
339 1518 599 1570 explicandas
631 1530 722 1559 esse
751 1520 1033 1560 coniiciebam.
1149 1517 1370 1571 Εὕκολιίἠ,
1403 1519 1504 1557 deae
1528 1518 1615 1557 He-

90 1593 201 1628 cates
233 1601 381 1629 nomen
410 1590 512 1642 apud
542 1590 825 1631 Callimachum
854 1592 1009 1644 Fragm.
1039 1591 1155 1631 LXII.
1185 1591 1234 1630 de
1265 1602 1342 1642 quo
1373 1590 1466 1630 alibi
1500 1589 1618 1629 (lice-

87 1664 152 1700 tur
179 1661 433 1713 explicatius3
463 1662 655 1714 mulieris,
686 1664 725 1702 in
754 1664 1080 1715 inscriptionibus
1108 1663 1211 1715 apud
1233 1662 1478 1703 Boeckhium
1495 1663 1613 1714 Corp.

87 1731 213 1772 Inscr.
244 1733 331 1773 Vol.
346 1733 375 1774 Ι.
397 1734 492 1774 781.
512 1747 548 1786 p.
568 1736 661 1774 515.
686 1733 780 1775 946.
803 1747 840 1787 p.
859 1735 952 1776 536.
973 1736 1092 1775 1021.
1115 1747 1152 1786 p.
1169 1735 1263 1775 548.
1288 1735 1611 1787 Cf.T11e0gnost.

88 1803 266 1844 Crameri
283 1805 437 1845 Anecd.
460 1806 525 1846 Gr.
543 1806 588 1845 Il.
604 1819 640 1858 p.
662 1806 752 1857 114,
770 1812 809 1852 3.
884 1808 1074 1860 Μελτίνη
1094 1807 1260 1857 Paralip.
1283 1805 1440 1845 Iacobs.
1459 1818 1495 1857 p.
1517 1805 1611 1845 660.

86 1876 206 1916 Anth.
224 1876 302 1916 Pal.
323 1877 368 1916 ΙΙ.
387 1890 424 1929 p.
445 1879 536 1919 181.
573 1880 630 1920 Cf.
664 1880 840 1920 Boeckh.
872 1880 994 1920 Inscr.
1028 1880 1070 1921 ΙΙ.
1094 1880 1214 1920 2951.
1243 1892 1280 1931 p.
1305 1879 1398 1920 595.
1470 1881 1614 1918 Μελι-

86 1947 198 2001 τίνης
227 1949 322 1989 ibid.
355 1949 476 1992 2114.
495 1964 530 1991 c.
642 1950 879 2004 'Aptare'mqg
910 1959 954 2000 (a
975 1952 1221 1991 nominativo
1249 1949 1476 2004 Ἀριστίνη
1507 1950 1614 1990 haud

89 2019 231 2071 dubie)
268 2021 470 2062 Welcker.
503 2022 596 2075 Syll.
627 2022 763 2076 Epigr.
794 2035 832 2075 p.
869 2023 959 2063 111.
1075 2021 1235 2075 Λογίνη
1268 2021 1329 2070 (Ῡ)
1363 2020 1609 2073 Theognost.

88 2091 264 2133 Cramer.
293 2093 317 2134 l.
350 2094 375 2134 l.
432 2095 497 2134 An
531 2095 716 2148 Λογγίνη
757 2093 966 2150 (Λονγίνᾳ
1003 2094 1126 2133 Ιηείϊ.
1155 2092 1330 2133 Boeckh.
1359 2093 1404 2132 II.
1440 2091 1615 2141 19631οῩ

86 2166 156 2205 vix
186 2165 438 2206 crediderim.
556 2168 786 2219 Maupi'mv
817 2167 1038 2219 Gregorius
1059 2165 1195 2204 Theol.
1226 2165 1352 2217 epigr.
1380 2164 1472 2204 163.
1505 2164 1612 2216 quod

88 2235 297 2287 debuerat,
327 2237 404 2276 nisi
438 2237 567 2287 fallor,
606 2238 830 2290 Μακρίνην
861 2249 975 2286 esse,
1007 2241 1046 2275 et
1078 2236 1304 2287 producere
1328 2237 1606 2288 penultimam:

88 2306 139 2346 cf.
171 2307 226 2346 ibi
253 2307 410 2347 Iacobs.
524 2310 742 2362 Μικυλίνη
770 2308 892 2349 Inscr.
912 2308 1087 2348 Boeclth.
1109 2308 1293 2348 11.2517.
1318 2308 1607 2347 conferendum

88 2389 177 2420 cum
208 2378 270 2429 iis,
300 2392 402 2432 quae
433 2380 483 2420 ad
514 2381 752 2432 Gregorium
783 2381 873 2420 Cor.
906 2393 942 2433 p.
964 2381 1055 2420 282.
1082 2385 1376 2433 congesserunt
1408 2380 1610 2431 Interpre-

86 2455 159 2489 tes.
277 2453 489 2504 Κρηιίνην
516 2453 610 2491 ibid.
642 2466 678 2504 p.
709 2453 829 2492 2120.
858 2453 894 2492 b.
1011 2453 1192 2504 Denique
1223 2465 1339 2504 quum
1373 2452 1491 2491 latina
1525 2453 1612 2491 sive

86 2522 219 2562 italica
250 2524 410 2563 nomina
443 2523 547 2563 hanc
576 2524 752 2564 habeant
773 2525 991 2565 secundum
1022 2526 1374 2577 grammaticorum
1398 2529 1476 2562 tuin
1507 2524 1612 2562 alio-

84 2606 170 2634 rum
199 2599 277 2633 tum
309 2606 435 2646 nuper
469 2596 564 2635 editi
599 2608 619 2634 a
652 2596 841 2636 Cramero
873 2596 1117 2648 Theognosti
1148 2601 1401 2647 praeceptum
1440 2595 1610 2635 consor-

83 2668 314 2716 mationem,
347 2668 585 2714 Φαυστῖιά,
624 2669 935 2718 Κωνσταντῖνα,
969 2670 1207 2717 Haemum,
1240 2670 1445 2720 ῘΙΙαρῖναε
1477 2674 1519 2708 ut
1547 2674 1609 2709 est

86 2740 290 2779 Παυλῖνα
319 2738 359 2777 in
389 2738 550 2791 Sylloge
583 2738 786 2778 *Velckeri
817 2752 853 2790 p.
874 2740 939 2780 78.
968 2738 1172 2793 ζΡουςρῖνα
1208 2740 1299 2779 ibid.
1335 2752 1372 2792 p.
1400 2742 1489 2780 111.
1521 2744 1610 2782 Λο-

84 2813 209 2862 μνῖνα
221 2810 315 2851 ibid.
337 2822 373 2862 p.
396 2810 487 2851 118.
523 2811 681 2862 Σαβῖνε.
700 2812 928 2863 (sapsam
944 2811 1067 2852 inser.
1082 2800 1259 2852 Boeckh.
1277 2812 1321 2852 11.
1345 2813 1465 2854 2370.
1488 2811 1610 2853 2964.

181 2892 308 2926 Naekii
333 2893 452 2939 Opusc.
480 2893 527 2930 11..
1316 2884 1340 2922 2
