1820 3141
65 2925 104 2940 --ι

152 223 242 282 ιἔδει
274 229 348 269 καί
373 231 540 280 μικροῖς
569 227 613 274 ἐς
642 227 687 268 τό
719 229 945 282 αἰάγκαῖον
976 233 1214 286 ἀρκεῖσθαι.
1273 231 1294 273 ὅ
1328 230 1432 274 Πάν
1459 234 1505 273 δὲ
1538 231 1559 273 ὅ
1583 233 1671 275 Νό-

148 313 242 350 μιος
268 298 346 339 τοῦ
381 296 532 345 παιδὸς
565 301 642 339 τοῦ
679 299 886 351 βουκόλου
925 300 1002 355 τήν
1031 304 1212 357 σύριγγα
1250 304 1546 358 προσαρμόσαι
1584 309 1671 352 τοῖς

144 372 324 420 χείλεσιν
354 369 428 407 ov'x
462 368 676 422 ἠτίμασεν.

249 440 359 480 Plinii
391 441 437 480 ΙΙ.
459 440 503 480 N.
528 439 651 480 XXII.
673 441 736 479 2⁶2.
760 444 800 479 et
822 440 962 481 XXVI.
984 443 1023 482 8.
1054 442 1104 483 de
1126 444 1276 483 Hecale
1307 445 1386 485 loci
1419 458 1439 486 a
1470 459 1532 486 me
1564 447 1668 487 infra

146 511 249 550 inter
271 512 510 564 Fragmenta
546 510 775 552 Callimachi
807 513 1046 564 apponendi,
1077 513 1144 554 ubi
1174 516 1224 554 ad
1255 516 1468 568 hospitium
1498 519 1670 559 Hecales

142 589 372 635 perventum
405 585 494 623 crit.

258 653 503 694 Chaeremon
534 656 622 707 quis
654 656 728 707 sit,
757 668 873 708 quem
913 657 1156 697 mentionem
1188 658 1326 699 facere
1358 660 1408 700 de
1446 661 1596 701 Hecale
1625 661 1671 702 C.

142 725 390 779 Rhodiginus
421 727 445 767 l.
479 726 504 766 l.
535 727 700 774 scribit,
733 727 773 766 id
803 738 880 780 ego
909 739 1036 780 aeque
1068 729 1213 781 ignoro
1246 734 1364 781 atque
1404 729 1525 781 illud,
1559 731 1667 782 quod

142 797 193 837 de
225 798 508 850 epigrammate
538 799 585 838 A.
618 799 844 838 Politianus.
906 799 1050 840 Scribit
1080 805 1210 840 autem
1239 800 1516 854 Rhodiginus‚
1547 807 1665 853 post-

140 881 257 921 quam
292 870 539 910 Plutarchum
582 871 933 919 eommemorax'it,
979 875 1017 910 et
1048 869 1237 918 Plinium,
1281 870 1359 910 ita:
1411 870 1589 910 Meminit
1629 877 1669 912 et

143 940 403 982 Chaeremon.
446 941 542 981 Tum
575 942 624 981 ad
657 942 840 992 Suidam,
880 941 993 992 alios,
1019 943 1162 994 pergit.
1210 942 1401 988 Quaesivi
1427 942 1659 995 aliquando,

137 1024 188 1052 an
218 1012 313 1053 illud
350 1013 477 1066 ipsum
516 1014 761 1067 epigramma
802 1014 1022 1067 significet,
1060 1025 1111 1053 ex
1153 1024 1231 1065 quo
1272 1025 1414 1053 versus
1455 1018 1516 1054 est
1556 1015 1661 1067 apud

134 1082 381 1123 Politianum.

247 1154 297 1195 Et
326 1155 367 1194 hi
398 1155 582 1207 quidem,
609 1159 769 1207 praeter
796 1156 1036 1197 versiculum
1078 1156 1218 1208 istum,
1255 1158 1402 1208 μέλπω
1446 1157 1492 1196 δὲ
1530 1155 1664 1210 γραὸς

133 1228 209 1280 τῆς
241 1227 463 1280 φιλοξένου
493 1224 695 1278 τρόπους,
723 1231 763 1267 et
790 1232 951 1279 praeter
980 1229 1322 1280 Chaeremonem,
1350 1228 1449 1269 certi
1479 1233 1569 1268 sunt
1598 1233 1663 1268 te-

132 1302 228 1348 stes,
258 1301 298 1337 et
329 1297 433 1349 apud
466 1308 567 1350 quos
607 1299 755 1338 mentio
786 1299 958 1338 Hecales
989 1301 1149 1339 minime
1176 1301 1391 1353 ambigua,
1432 1304 1473 1339 et
1515 1299 1662 1339 dudum

133 1369 341 1411 observati
373 1381 396 1410 a
418 1369 516 1409 viris
548 1369 690 1409 doctis.
746 1370 888 1410 Mirum
910 1382 1021 1420 vero,
1049 1371 1090 1410 ni
1119 1371 1230 1423 plura
1248 1371 1419 1410 maxime
1443 1371 1498 1410 illi
1518 1371 1660 1411 Iuliani

129 1441 236 1482 dicto
266 1441 409 1482 similia
442 1441 548 1480 dicta
580 1445 741 1480 exstent
771 1440 874 1493 apud
912 1441 1131 1492 scriptores
1176 1440 1391 1492 aequales,
1433 1439 1496 1480 vel
1537 1442 1658 1480 etiam

131 1514 381 1566 posteriores
410 1512 576 1563 Iuliano,
609 1512 836 1564 sophistas,
872 1513 1128 1565 epistolarum
1158 1513 1395 1565 scriptores,
1426 1516 1466 1552 et
1495 1512 1560 1564 qui
1591 1512 1658 1553 alii

127 1586 260 1637 petitis
292 1596 344 1625 ex
374 1584 542 1624 historia
574 1583 757 1623 fabulave
790 1584 950 1635 antIqua
985 1584 1176 1636 exemplis
1206 1583 1511 1635 proverbiisque
1540 1582 1657 1623 dele-

132 1661 304 1697 ctantur.
360 1656 613 1706 Proverbiis,
644 1656 828 1706 inquam:
862 1666 954 1694 nam
984 1666 1108 1703 sane,
1141 1666 1242 1707 quos
1275 1655 1446 1695 vidimus
1475 1658 1657 1694 veterum

131 1733 339 1769 auctorum
369 1728 509 1779 locos,
539 1728 710 1766 maxime
741 1726 904 1776 Iuliani,
933 1730 973 1766 et
1001 1726 1210 1778 Appuleii,
1242 1730 1282 1766 et
1311 1726 1445 1766 Ovidii
1483 1738 1657 1779 quoque,

128 1801 208 1841 hoe
239 1805 407 1851 sonant,
435 1804 477 1839 ut
503 1804 583 1839 tum
612 1801 652 1840 in
683 1799 941 1851 proverbium
972 1798 1120 1839 abiisse
1156 1798 1333 1839 Hecalen
1377 1797 1500 1838 dicas.
1574 1798 1656 1840 Sed

128 1877 261 1913 tamen
302 1885 325 1912 a
365 1872 495 1912 multis
534 1871 626 1911 inde
673 1872 790 1911 annis
830 1871 1070 1911 observator
1107 1870 1214 1910 haud
1257 1871 1519 1920 incuriosus,
1557 1869 1655 1910 nihil

131 1945 344 1995 eiusmodi,
375 1943 482 1997 quod
513 1955 660 1983 novum
689 1947 810 1994 esset,
839 1955 970 1995 neque
1003 1944 1088 1995 ipse
1119 1942 1222 1995 apud
1245 1943 1464 1995 scriptores
1493 1945 1654 1981 veteres

127 2017 223 2070 legi,
253 2028 384 2068 neque
416 2020 647 2055 annotatum
683 2016 731 2055 ab
765 2015 852 2055 aliis
883 2014 1142 2067 deprehendi.

238 2090 429 2141 Superest
456 2088 641 2136 Plautus,
674 2088 713 2126 in
749 2098 866 2140 quem
908 2087 1011 2126 male
1040 2086 1187 2127 illatam
1216 2084 1394 2126 Hecalen
1424 2096 1447 2125 a
1477 2084 1655 2136 Baptista

131 2161 199 2202 Pio
217 2191 228 2212 ,
258 2166 298 2201 et
326 2161 425 2200 viris
458 2161 587 2200 doctis
618 2165 709 2212 post
736 2161 842 2200 Pium
873 2160 1005 2200 multis
1031 2159 1262 2200 contendo:
1292 2157 1440 2198 Cistell.
1469 2156 1500 2209 I,
1527 2158 1564 2207 1,
1586 2157 1652 2197 50.

240 2231 346 2272 Nam
374 2232 412 2271 si
441 2232 598 2284 quidem
624 2232 682 2272 ila
713 2231 808 2282 eris,
835 2235 880 2271 ut
905 2232 1011 2283 volo,
1040 2243 1244 2283 uunquam
1273 2234 1303 2280 -t-
1332 2229 1485 2270 Hecate
1514 2229 1610 2280 fies.-

239 2303 482 2355 Semperque
512 2304 656 2353 istanc,
682 2315 802 2354 quam
828 2315 936 2343 mmo
963 2302 1113 2354 habes,
1146 2301 1364 2342 aetatulam
1393 2299 1602 2340 obtinebis.

133 2375 268 2416 Verba
297 2381 389 2416 sunt
423 2375 540 2415 lenae
570 2376 708 2415 matris
740 2375 790 2415 ad
822 2375 954 2415 filiam.
1014 2374 1075 2414 Ac
1103 2374 1230 2425 primo
1262 2372 1356 2414 illud
1385 2385 1467 2412 non
1496 2372 1658 2412 multum

128 2459 337 2498 morarer,
367 2447 473 2500 quod
506 2448 546 2487 in
587 2447 697 2486 libris
737 2447 868 2487 multis
908 2451 975 2487 aut
1011 2446 1187 2498 plurimis
1230 2449 1296 2485 aut
1328 2445 1480 2484 cunetis
1517 2444 1656 2484 hecate

128 2520 298 2573 legitur,
333 2524 376 2559 ut
407 2520 447 2558 in
486 2519 661 2558 editione
699 2519 905 2570 principe,
948 2518 1013 2557 vel
1053 2519 1170 2557 etiarn
1217 2516 1372 2556 hecata.
1440 2514 1572 2554 Facile
1614 2515 1655 2554 id

127 2592 271 2632 mutari
302 2592 342 2631 in
371 2590 536 2641 Hecale,
571 2591 740 2641 Hecala,
772 2595 945 2643 paterer.
1005 2590 1052 2630 Ut
1074 2602 1095 2628 a
1122 2589 1282 2642 graecis
1303 2588 1476 2628 librariis
1496 2585 1655 2639 Ἑκάλη

129 2675 212 2704 non
245 2675 338 2704 raro
372 2665 411 2703 in
434 2660 618 2715 Ἑκάβην
651 2675 850 2703 conversa
881 2662 1053 2712 (Callim.
1082 2662 1238 2714 Fragm.
1260 2660 1406 2700 XLVII.
1428 2671 1489 2712 ap.
1511 2658 1656 2699 Gram-

132 2739 226 2775 mat.
255 2735 382 2775 Bentl.
417 2734 538 2775 Gaisf.
573 2739 613 2775 et
641 2734 842 2785 Crnniel‘i3
874 2734 934 2774 LI.
965 2746 1000 2774 a.
1030 2734 1070 2773 in
1099 2733 1266 2786 Etymol.
1286 2733 1334 2773 M.
1365 2731 1460 2772 L111.
1479 2743 1539 2784 ap.
1557 2730 1654 2771 Hel-

135 2806 284 2848 ladium
315 2805 463 2858 Photii3
504 2806 586 2848 LX.
627 2811 666 2847 et
695 2806 812 2857 alibi)
860 2806 1081 2859 reperitur,
1119 2806 1172 2846 ita
1213 2805 1253 2846 in
1287 2803 1495 2846 codicibus
1525 2802 1655 2844 latinis
