<?xml version="1.0" encoding="UTF-8"?>
<!DOCTYPE html PUBLIC "-//W3C//DTD XHTML 1.0 Transitional//EN"
    "http://www.w3.org/TR/xhtml1/DTD/xhtml1-transitional.dtd">
<html xmlns="http://www.w3.org/1999/xhtml" xml:lang="en" lang="en">
 <head>
  <title>
</title>
<meta http-equiv="Content-Type" content="text/html;charset=utf-8" />
  <meta name='ocr-system' content='tesseract 3.04.00' />
  <meta name='ocr-capabilities' content='ocr_page ocr_carea ocr_par ocr_line ocrx_word'/>
</head>
<body>
  <div class='ocr_page' id='page_1' title='image "./opusculaphilolog02naekuoft/opusculaphilolog02naekuoft_0233.png"; bbox 0 0 1856 3126; ppageno 0'>
   <div class='ocr_carea' id='block_1_1' title="bbox 751 121 1057 159">
    <p class='ocr_par' dir='ltr' id='par_1_1' title="bbox 751 121 1057 159">
     <span class='ocr_line' id='line_1_1' title="bbox 751 121 1057 159; baseline 0.007 -2"><span class='ocrx_word' id='word_1_1' title='bbox 751 121 1057 159; x_wconf 79' lang='lat'><strong>—223—</strong></span> 
     </span>
    </p>
   </div>
   <div class='ocr_carea' id='block_1_2' title="bbox 121 235 1670 2886">
    <p class='ocr_par' dir='ltr' id='par_1_2' title="bbox 121 235 1670 2886">
     <span class='ocr_line' id='line_1_2' title="bbox 131 235 1670 289; baseline -0.002 -11"><span class='ocrx_word' id='word_1_2' title='bbox 131 235 349 289; x_wconf 80' lang='lat' dir='ltr'>Euripidea</span> <span class='ocrx_word' id='word_1_3' title='bbox 377 238 410 278; x_wconf 88' lang='lat' dir='ltr'>si</span> <span class='ocrx_word' id='word_1_4' title='bbox 449 237 501 277; x_wconf 85' lang='lat' dir='ltr'>ad</span> <span class='ocrx_word' id='word_1_5' title='bbox 532 247 690 276; x_wconf 90' lang='lat' dir='ltr'>manum</span> <span class='ocrx_word' id='word_1_6' title='bbox 733 237 905 278; x_wconf 79' lang='lat' dir='ltr'>fuissent</span> <span class='ocrx_word' id='word_1_7' title='bbox 946 239 996 279; x_wconf 89' lang='lat' dir='ltr'>de</span> <span class='ocrx_word' id='word_1_8' title='bbox 1022 240 1193 280; x_wconf 81' lang='lat' dir='ltr'>Scirone</span> <span class='ocrx_word' id='word_1_9' title='bbox 1229 237 1448 287; x_wconf 82' lang='lat' dir='ltr'>scribenti,</span> <span class='ocrx_word' id='word_1_10' title='bbox 1480 247 1561 276; x_wconf 92' lang='lat' dir='ltr'>non</span> <span class='ocrx_word' id='word_1_11' title='bbox 1592 247 1670 276; x_wconf 90' lang='lat' dir='ltr'>ne·-</span> 
     </span>
     <span class='ocr_line' id='line_1_3' title="bbox 133 299 1663 363; baseline -0.001 -13"><span class='ocrx_word' id='word_1_12' title='bbox 133 309 340 363; x_wconf 83' lang='lat' dir='ltr'>glecturus</span> <span class='ocrx_word' id='word_1_13' title='bbox 372 313 458 348; x_wconf 87' lang='lat' dir='ltr'>erat</span> <span class='ocrx_word' id='word_1_14' title='bbox 491 312 570 347; x_wconf 88' lang='lat' dir='ltr'>tam</span> <span class='ocrx_word' id='word_1_15' title='bbox 601 308 877 348; x_wconf 78' lang='lat' dir='ltr'>memorabilia</span> <span class='ocrx_word' id='word_1_16' title='bbox 909 310 1149 350; x_wconf 71' lang='lat' dir='ltr'>testudinem</span> <span class='ocrx_word' id='word_1_17' title='bbox 1179 313 1218 348; x_wconf 78' lang='lat' dir='ltr'>ot</span> <span class='ocrx_word' id='word_1_18' title='bbox 1238 299 1535 348; x_wconf 76' lang='lat' dir='ltr'>Callimachum.</span> <span class='ocrx_word' id='word_1_19' title='bbox 1566 307 1663 348; x_wconf 84' lang='lat' dir='ltr'>ibid.</span> 
     </span>
     <span class='ocr_line' id='line_1_4' title="bbox 129 378 1668 433; baseline -0.001 -12"><span class='ocrx_word' id='word_1_20' title='bbox 129 393 168 433; x_wconf 89' lang='lat' dir='ltr'>p.</span> <span class='ocrx_word' id='word_1_21' title='bbox 197 380 292 421; x_wconf 79' lang='lat'>485.</span> <span class='ocrx_word' id='word_1_22' title='bbox 334 378 577 430; x_wconf 78' lang='lat' dir='ltr'>Theopompi</span> <span class='ocrx_word' id='word_1_23' title='bbox 607 380 843 420; x_wconf 87' lang='lat' dir='ltr'>auctoritate</span> <span class='ocrx_word' id='word_1_24' title='bbox 873 386 1060 420; x_wconf 87' lang='lat' dir='ltr'>narratur</span> <span class='ocrx_word' id='word_1_25' title='bbox 1091 393 1208 433; x_wconf 87' lang='lat' dir='ltr'>quam</span> <span class='ocrx_word' id='word_1_26' title='bbox 1240 381 1333 433; x_wconf 85' lang='lat' dir='ltr'>Cap.</span> <span class='ocrx_word' id='word_1_27' title='bbox 1355 381 1417 420; x_wconf 91' lang='lat' dir='ltr'>lll.</span> <span class='ocrx_word' id='word_1_28' title='bbox 1455 392 1491 432; x_wconf 90' lang='lat' dir='ltr'>p.</span> <span class='ocrx_word' id='word_1_29' title='bbox 1514 382 1579 420; x_wconf 69' lang='grc'>81.</span> <span class='ocrx_word' id='word_1_30' title='bbox 1616 392 1668 420; x_wconf 83' lang='lat' dir='ltr'>ex</span> 
     </span>
     <span class='ocr_line' id='line_1_5' title="bbox 132 451 1668 504; baseline -0.001 -12"><span class='ocrx_word' id='word_1_31' title='bbox 132 452 328 492; x_wconf 80' lang='lat' dir='ltr'>Pausania</span> <span class='ocrx_word' id='word_1_32' title='bbox 357 456 476 504; x_wconf 89' lang='lat' dir='ltr'>atque</span> <span class='ocrx_word' id='word_1_33' title='bbox 504 451 663 504; x_wconf 74' lang='lat' dir='ltr'>Hygino</span> <span class='ocrx_word' id='word_1_34' title='bbox 696 452 868 491; x_wconf 73' lang='lat' dir='ltr'>tabulam</span> <span class='ocrx_word' id='word_1_35' title='bbox 899 453 1316 492; x_wconf 76' lang='lat' dir='ltr'>commemoravimus.</span> <span class='ocrx_word' id='word_1_36' title='bbox 1386 452 1501 504; x_wconf 89' lang='lat' dir='ltr'>Apud</span> <span class='ocrx_word' id='word_1_37' title='bbox 1533 451 1668 491; x_wconf 88' lang='lat' dir='ltr'>Theo-</span> 
     </span>
     <span class='ocr_line' id='line_1_6' title="bbox 128 522 1665 578; baseline 0.001 -15"><span class='ocrx_word' id='word_1_38' title='bbox 128 534 315 575; x_wconf 89' lang='lat' dir='ltr'>pompum</span> <span class='ocrx_word' id='word_1_39' title='bbox 339 522 492 572; x_wconf 86' lang='lat' dir='ltr'>Chium,</span> <span class='ocrx_word' id='word_1_40' title='bbox 524 523 638 562; x_wconf 88' lang='lat' dir='ltr'>cuius</span> <span class='ocrx_word' id='word_1_41' title='bbox 670 523 893 576; x_wconf 78' lang='lat' dir='ltr'>fragmenta</span> <span class='ocrx_word' id='word_1_42' title='bbox 926 524 1119 573; x_wconf 85' lang='lat' dir='ltr'>habemus</span> <span class='ocrx_word' id='word_1_43' title='bbox 1150 524 1363 578; x_wconf 69' lang='lat' dir='ltr'>diligenter</span> <span class='ocrx_word' id='word_1_44' title='bbox 1392 524 1441 564; x_wconf 88' lang='lat' dir='ltr'>ab</span> <span class='ocrx_word' id='word_1_45' title='bbox 1464 524 1665 576; x_wconf 81' lang='lat' dir='ltr'>Eyssonio</span> 
     </span>
     <span class='ocr_line' id='line_1_7' title="bbox 129 592 1666 649; baseline 0 -13"><span class='ocrx_word' id='word_1_46' title='bbox 129 594 319 636; x_wconf 89' lang='lat' dir='ltr'>Wichers</span> <span class='ocrx_word' id='word_1_47' title='bbox 350 592 539 644; x_wconf 85' lang='lat' dir='ltr'>collecta,</span> <span class='ocrx_word' id='word_1_48' title='bbox 571 592 717 635; x_wconf 83' lang='lat' dir='ltr'>frustra</span> <span class='ocrx_word' id='word_1_49' title='bbox 749 597 1014 648; x_wconf 81' lang='lat' dir='ltr'>quaesiveris.</span> <span class='ocrx_word' id='word_1_50' title='bbox 1074 595 1214 649; x_wconf 86' lang='lat' dir='ltr'>Neque</span> <span class='ocrx_word' id='word_1_51' title='bbox 1242 597 1347 636; x_wconf 90' lang='lat' dir='ltr'>inter</span> <span class='ocrx_word' id='word_1_52' title='bbox 1368 601 1568 647; x_wconf 88' lang='lat' dir='ltr'>caeteros,</span> <span class='ocrx_word' id='word_1_53' title='bbox 1599 596 1666 648; x_wconf 89' lang='lat' dir='ltr'>qui</span> 
     </span>
     <span class='ocr_line' id='line_1_8' title="bbox 127 666 1666 721; baseline 0 -13"><span class='ocrx_word' id='word_1_54' title='bbox 127 666 375 719; x_wconf 89' lang='lat' dir='ltr'>Theopompi</span> <span class='ocrx_word' id='word_1_55' title='bbox 404 678 551 707; x_wconf 88' lang='lat' dir='ltr'>nomen</span> <span class='ocrx_word' id='word_1_56' title='bbox 585 672 753 720; x_wconf 83' lang='lat' dir='ltr'>gerunt,</span> <span class='ocrx_word' id='word_1_57' title='bbox 784 668 903 708; x_wconf 90' lang='lat' dir='ltr'>ullum</span> <span class='ocrx_word' id='word_1_58' title='bbox 938 668 1084 718; x_wconf 80' lang='lat' dir='ltr'>video,</span> <span class='ocrx_word' id='word_1_59' title='bbox 1116 668 1166 708; x_wconf 89' lang='lat' dir='ltr'>de</span> <span class='ocrx_word' id='word_1_60' title='bbox 1195 678 1292 721; x_wconf 58' lang='lat' dir='ltr'>quo*</span> <span class='ocrx_word' id='word_1_61' title='bbox 1319 668 1487 708; x_wconf 83' lang='lat' dir='ltr'>audeam</span> <span class='ocrx_word' id='word_1_62' title='bbox 1521 669 1666 708; x_wconf 90' lang='lat' dir='ltr'>conie-</span> 
     </span>
     <span class='ocr_line' id='line_1_9' title="bbox 129 738 1665 790; baseline 0.001 -12"><span class='ocrx_word' id='word_1_63' title='bbox 129 743 281 779; x_wconf 87' lang='lat' dir='ltr'>cturam</span> <span class='ocrx_word' id='word_1_64' title='bbox 313 739 464 779; x_wconf 89' lang='lat' dir='ltr'>facere.</span> <span class='ocrx_word' id='word_1_65' title='bbox 523 738 573 779; x_wconf 90' lang='lat' dir='ltr'>Et</span> <span class='ocrx_word' id='word_1_66' title='bbox 614 740 778 779; x_wconf 91' lang='lat' dir='ltr'>omnino</span> <span class='ocrx_word' id='word_1_67' title='bbox 809 739 972 779; x_wconf 89' lang='lat' dir='ltr'>multum</span> <span class='ocrx_word' id='word_1_68' title='bbox 1010 739 1198 790; x_wconf 86' lang='lat' dir='ltr'>confido,</span> <span class='ocrx_word' id='word_1_69' title='bbox 1238 741 1409 779; x_wconf 82' lang='lat' dir='ltr'>maxime</span> <span class='ocrx_word' id='word_1_70' title='bbox 1451 741 1491 780; x_wconf 93' lang='lat' dir='ltr'>in</span> <span class='ocrx_word' id='word_1_71' title='bbox 1533 740 1665 781; x_wconf 83' lang='lat' dir='ltr'>sabula</span> 
     </span>
     <span class='ocr_line' id='line_1_10' title="bbox 127 811 1665 865; baseline 0.001 -14"><span class='ocrx_word' id='word_1_72' title='bbox 127 811 368 863; x_wconf 88' lang='lat' dir='ltr'>huiusmodi,</span> <span class='ocrx_word' id='word_1_73' title='bbox 398 812 543 852; x_wconf 89' lang='lat' dir='ltr'>doctae</span> <span class='ocrx_word' id='word_1_74' title='bbox 575 812 807 865; x_wconf 85' lang='lat' dir='ltr'>diligentiae</span> <span class='ocrx_word' id='word_1_75' title='bbox 835 813 1057 863; x_wconf 87' lang='lat' dir='ltr'>Meziriaei,</span> <span class='ocrx_word' id='word_1_76' title='bbox 1089 812 1154 865; x_wconf 89' lang='lat' dir='ltr'>qui</span> <span class='ocrx_word' id='word_1_77' title='bbox 1186 823 1424 863; x_wconf 87' lang='lat' dir='ltr'>sponsorem</span> <span class='ocrx_word' id='word_1_78' title='bbox 1451 813 1538 852; x_wconf 90' lang='lat' dir='ltr'>eius</span> <span class='ocrx_word' id='word_1_79' title='bbox 1566 825 1665 853; x_wconf 88' lang='lat' dir='ltr'>nar-</span> 
     </span>
     <span class='ocr_line' id='line_1_11' title="bbox 130 883 1665 937; baseline -0.001 -13"><span class='ocrx_word' id='word_1_80' title='bbox 130 885 300 924; x_wconf 86' lang='lat' dir='ltr'>rationis</span> <span class='ocrx_word' id='word_1_81' title='bbox 342 893 443 931; x_wconf 73' lang='lat' dir='ltr'>(vne</span> <span class='ocrx_word' id='word_1_82' title='bbox 475 883 569 924; x_wconf 89' lang='lat' dir='ltr'>iolie</span> <span class='ocrx_word' id='word_1_83' title='bbox 602 884 794 934; x_wconf 83' lang='lat' dir='ltr'>histoire)</span> <span class='ocrx_word' id='word_1_84' title='bbox 833 885 979 925; x_wconf 90' lang='lat' dir='ltr'>nullum</span> <span class='ocrx_word' id='word_1_85' title='bbox 1010 888 1171 937; x_wconf 85' lang='lat' dir='ltr'>praeter</span> <span class='ocrx_word' id='word_1_86' title='bbox 1201 883 1399 936; x_wconf 72' lang='lat' dir='ltr'>Hyginum</span> <span class='ocrx_word' id='word_1_87' title='bbox 1444 888 1483 923; x_wconf 88' lang='lat' dir='ltr'>et</span> <span class='ocrx_word' id='word_1_88' title='bbox 1511 884 1665 923; x_wconf 87' lang='lat' dir='ltr'>Pausa-</span> 
     </span>
     <span class='ocr_line' id='line_1_12' title="bbox 125 955 1664 1010; baseline -0.001 -13"><span class='ocrx_word' id='word_1_89' title='bbox 125 958 232 997; x_wconf 85' lang='lat' dir='ltr'>niam</span> <span class='ocrx_word' id='word_1_90' title='bbox 264 957 399 1007; x_wconf 87' lang='lat' dir='ltr'>habet,</span> <span class='ocrx_word' id='word_1_91' title='bbox 427 957 478 997; x_wconf 88' lang='lat' dir='ltr'>ad</span> <span class='ocrx_word' id='word_1_92' title='bbox 508 955 631 1009; x_wconf 86' lang='lat' dir='ltr'>Epist.</span> <span class='ocrx_word' id='word_1_93' title='bbox 665 956 905 1010; x_wconf 78' lang='lat' dir='ltr'>Hypsipyles</span> <span class='ocrx_word' id='word_1_94' title='bbox 938 958 980 997; x_wconf 88' lang='lat' dir='ltr'>T.</span> <span class='ocrx_word' id='word_1_95' title='bbox 1009 956 1057 997; x_wconf 91' lang='lat' dir='ltr'>ll.</span> <span class='ocrx_word' id='word_1_96' title='bbox 1092 969 1128 1009; x_wconf 91' lang='lat' dir='ltr'>p.</span> <span class='ocrx_word' id='word_1_97' title='bbox 1155 957 1244 996; x_wconf 84' lang='lat'>111.</span> <span class='ocrx_word' id='word_1_98' title='bbox 1275 968 1334 1008; x_wconf 90' lang='lat' dir='ltr'>sq.</span> <span class='ocrx_word' id='word_1_99' title='bbox 1393 956 1457 995; x_wconf 93' lang='lat' dir='ltr'>An</span> <span class='ocrx_word' id='word_1_100' title='bbox 1490 956 1611 1009; x_wconf 84' lang='lat' dir='ltr'>igitur</span> <span class='ocrx_word' id='word_1_101' title='bbox 1641 967 1664 995; x_wconf 90' lang='lat' dir='ltr'>e</span> 
     </span>
     <span class='ocr_line' id='line_1_13' title="bbox 126 1027 1664 1080; baseline -0.003 -10"><span class='ocrx_word' id='word_1_102' title='bbox 126 1031 362 1070; x_wconf 88' lang='lat' dir='ltr'>coniectura</span> <span class='ocrx_word' id='word_1_103' title='bbox 394 1029 497 1069; x_wconf 88' lang='lat' dir='ltr'>male</span> <span class='ocrx_word' id='word_1_104' title='bbox 529 1033 646 1068; x_wconf 87' lang='lat' dir='ltr'>natus</span> <span class='ocrx_word' id='word_1_105' title='bbox 682 1027 962 1080; x_wconf 77' lang='lat' dir='ltr'>Theopompus</span> <span class='ocrx_word' id='word_1_106' title='bbox 992 1029 1089 1068; x_wconf 82' lang='lat' dir='ltr'>est?</span> <span class='ocrx_word' id='word_1_107' title='bbox 1177 1027 1409 1067; x_wconf 88' lang='lat' dir='ltr'>Versiculos</span> <span class='ocrx_word' id='word_1_108' title='bbox 1442 1027 1544 1067; x_wconf 89' lang='lat' dir='ltr'>hos:</span> <span class='ocrx_word' id='word_1_109' title='bbox 1572 1028 1664 1066; x_wconf 79' lang='grc' dir='ltr'><em>Σει-</em></span> 
     </span>
     <span class='ocr_line' id='line_1_14' title="bbox 126 1096 1661 1153; baseline 0 -14"><span class='ocrx_word' id='word_1_110' title='bbox 126 1099 262 1153; x_wconf 69' lang='grc' dir='ltr'>ρήνων</span> <span class='ocrx_word' id='word_1_111' title='bbox 289 1100 495 1150; x_wconf 80' lang='grc' dir='ltr'><em>μετέπειτ’</em></span> <span class='ocrx_word' id='word_1_112' title='bbox 520 1098 698 1153; x_wconf 55' lang='grc' dir='ltr'>ἀφίξεαι</span> <span class='ocrx_word' id='word_1_113' title='bbox 728 1099 974 1153; x_wconf 45' lang='grc' dir='ltr'>(ἑσαᾳιιξεαι</span> <span class='ocrx_word' id='word_1_114' title='bbox 999 1099 1060 1139; x_wconf 81' lang='lat' dir='ltr'>ed.</span> <span class='ocrx_word' id='word_1_115' title='bbox 1081 1099 1286 1151; x_wconf 66' lang='lat' dir='ltr'>W&#39;echel.)</span> <span class='ocrx_word' id='word_1_116' title='bbox 1314 1098 1508 1151; x_wconf 75' lang='grc' dir='ltr'><em>ἁλμυρὸν</em></span> <span class='ocrx_word' id='word_1_117' title='bbox 1527 1096 1661 1151; x_wconf 67' lang='grc' dir='ltr'><em>ὕδωρ,</em></span> 
     </span>
     <span class='ocr_line' id='line_1_15' title="bbox 125 1167 1661 1226; baseline -0.002 -13"><span class='ocrx_word' id='word_1_118' title='bbox 125 1167 338 1224; x_wconf 63' lang='grc' dir='ltr'>Σειρήιων</span> <span class='ocrx_word' id='word_1_119' title='bbox 366 1172 618 1226; x_wconf 73' lang='grc' dir='ltr'><em>γλυκερῇσιν</em></span> <span class='ocrx_word' id='word_1_120' title='bbox 651 1169 817 1216; x_wconf 48' lang='lat' dir='ltr'>cloiam}</span> <span class='ocrx_word' id='word_1_121' title='bbox 848 1171 1086 1223; x_wconf 68' lang='grc' dir='ltr'><em>δηλήσαντο</em></span> <span class='ocrx_word' id='word_1_122' title='bbox 1146 1170 1217 1211; x_wconf 84' lang='grc' dir='ltr'><em>ταί</em></span> <span class='ocrx_word' id='word_1_123' title='bbox 1243 1171 1464 1219; x_wconf 69' lang='grc' dir='ltr'><em>πλείστους</em></span> <span class='ocrx_word' id='word_1_124' title='bbox 1495 1168 1661 1222; x_wconf 79' lang='grc' dir='ltr'><strong><em>ναύτας,</em></strong></span> 
     </span>
     <span class='ocr_line' id='line_1_16' title="bbox 124 1236 1661 1295; baseline -0.001 -12"><span class='ocrx_word' id='word_1_125' title='bbox 124 1236 183 1283; x_wconf 74' lang='grc' dir='ltr'>ὧν</span> <span class='ocrx_word' id='word_1_126' title='bbox 210 1240 397 1283; x_wconf 62' lang='grc' dir='ltr'><em>πύθεται</em></span> <span class='ocrx_word' id='word_1_127' title='bbox 428 1242 550 1284; x_wconf 81' lang='grc' dir='ltr'><em>ὀστέα</em></span> <span class='ocrx_word' id='word_1_128' title='bbox 583 1242 735 1283; x_wconf 59' lang='lat' dir='ltr'>levati:</span> <span class='ocrx_word' id='word_1_129' title='bbox 771 1255 853 1282; x_wconf 90' lang='lat' dir='ltr'>non</span> <span class='ocrx_word' id='word_1_130' title='bbox 893 1255 1015 1295; x_wconf 91' lang='lat' dir='ltr'>posse</span> <span class='ocrx_word' id='word_1_131' title='bbox 1060 1243 1159 1283; x_wconf 88' lang='lat' dir='ltr'>tales</span> <span class='ocrx_word' id='word_1_132' title='bbox 1204 1255 1226 1282; x_wconf 89' lang='lat' dir='ltr'>a</span> <span class='ocrx_word' id='word_1_133' title='bbox 1259 1241 1412 1282; x_wconf 84' lang='lat' dir='ltr'>Lesche</span> <span class='ocrx_word' id='word_1_134' title='bbox 1454 1241 1661 1295; x_wconf 79' lang='lat' dir='ltr'>profectos</span> 
     </span>
     <span class='ocr_line' id='line_1_17' title="bbox 124 1313 1659 1368; baseline -0.001 -14"><span class='ocrx_word' id='word_1_135' title='bbox 124 1326 230 1366; x_wconf 86' lang='lat' dir='ltr'>esse,</span> <span class='ocrx_word' id='word_1_136' title='bbox 257 1319 301 1355; x_wconf 85' lang='lat' dir='ltr'>ut</span> <span class='ocrx_word' id='word_1_137' title='bbox 331 1314 412 1355; x_wconf 84' lang='lat' dir='ltr'>Vll.</span> <span class='ocrx_word' id='word_1_138' title='bbox 438 1315 500 1354; x_wconf 75' lang='lat'>13.</span> <span class='ocrx_word' id='word_1_139' title='bbox 531 1326 568 1367; x_wconf 90' lang='lat' dir='ltr'>p.</span> <span class='ocrx_word' id='word_1_140' title='bbox 591 1314 686 1356; x_wconf 73' lang='lat'>499.</span> <span class='ocrx_word' id='word_1_141' title='bbox 717 1314 962 1368; x_wconf 90' lang='lat' dir='ltr'>perhibetur,</span> <span class='ocrx_word' id='word_1_142' title='bbox 992 1319 1030 1354; x_wconf 91' lang='lat' dir='ltr'>et</span> <span class='ocrx_word' id='word_1_143' title='bbox 1063 1327 1085 1354; x_wconf 87' lang='lat' dir='ltr'>a</span> <span class='ocrx_word' id='word_1_144' title='bbox 1104 1313 1261 1355; x_wconf 88' lang='lat' dir='ltr'>Lesche</span> <span class='ocrx_word' id='word_1_145' title='bbox 1289 1313 1331 1352; x_wconf 78' lang='lat' dir='ltr'>in</span> <span class='ocrx_word' id='word_1_146' title='bbox 1356 1325 1497 1365; x_wconf 78' lang='lat' dir='ltr'>parca</span> <span class='ocrx_word' id='word_1_147' title='bbox 1516 1313 1659 1365; x_wconf 79' lang='lat' dir='ltr'>Iliade,</span> 
     </span>
     <span class='ocr_line' id='line_1_18' title="bbox 123 1386 1655 1440; baseline 0.001 -15"><span class='ocrx_word' id='word_1_148' title='bbox 123 1387 254 1439; x_wconf 83' lang='lat' dir='ltr'>quivis</span> <span class='ocrx_word' id='word_1_149' title='bbox 286 1387 446 1427; x_wconf 83' lang='lat' dir='ltr'>viderit.</span> <span class='ocrx_word' id='word_1_150' title='bbox 505 1389 547 1429; x_wconf 89' lang='lat' dir='ltr'>Si</span> <span class='ocrx_word' id='word_1_151' title='bbox 584 1393 715 1428; x_wconf 85' lang='lat' dir='ltr'>tamen</span> <span class='ocrx_word' id='word_1_152' title='bbox 746 1388 866 1429; x_wconf 87' lang='lat' dir='ltr'>alicui</span> <span class='ocrx_word' id='word_1_153' title='bbox 903 1388 1054 1440; x_wconf 85' lang='lat' dir='ltr'>antiqui</span> <span class='ocrx_word' id='word_1_154' title='bbox 1088 1387 1323 1435; x_wconf 85' lang='lat' dir='ltr'>videantur,</span> <span class='ocrx_word' id='word_1_155' title='bbox 1355 1386 1429 1427; x_wconf 88' lang='lat' dir='ltr'>sed</span> <span class='ocrx_word' id='word_1_156' title='bbox 1462 1388 1655 1439; x_wconf 82' lang='lat' dir='ltr'>corrupti,</span> 
     </span>
     <span class='ocr_line' id='line_1_19' title="bbox 121 1458 1660 1513; baseline -0.001 -14"><span class='ocrx_word' id='word_1_157' title='bbox 121 1459 375 1511; x_wconf 87' lang='lat' dir='ltr'>interpolati:</span> <span class='ocrx_word' id='word_1_158' title='bbox 419 1463 461 1499; x_wconf 93' lang='lat' dir='ltr'>ut</span> <span class='ocrx_word' id='word_1_159' title='bbox 489 1460 585 1501; x_wconf 88' lang='lat' dir='ltr'>mihi</span> <span class='ocrx_word' id='word_1_160' title='bbox 618 1461 803 1513; x_wconf 80' lang='lat' dir='ltr'>videtur,</span> <span class='ocrx_word' id='word_1_161' title='bbox 833 1473 910 1501; x_wconf 91' lang='lat' dir='ltr'>nec</span> <span class='ocrx_word' id='word_1_162' title='bbox 940 1460 1030 1500; x_wconf 87' lang='lat' dir='ltr'>vola</span> <span class='ocrx_word' id='word_1_163' title='bbox 1059 1471 1136 1500; x_wconf 91' lang='lat' dir='ltr'>nec</span> <span class='ocrx_word' id='word_1_164' title='bbox 1163 1459 1378 1512; x_wconf 84' lang='lat' dir='ltr'>vestigium</span> <span class='ocrx_word' id='word_1_165' title='bbox 1410 1458 1552 1498; x_wconf 89' lang='lat' dir='ltr'>horum</span> <span class='ocrx_word' id='word_1_166' title='bbox 1582 1470 1660 1498; x_wconf 78' lang='lat' dir='ltr'>ex-</span> 
     </span>
     <span class='ocr_line' id='line_1_20' title="bbox 124 1531 1658 1586; baseline 0.001 -15"><span class='ocrx_word' id='word_1_167' title='bbox 124 1535 214 1582; x_wconf 88' lang='lat' dir='ltr'>stat,</span> <span class='ocrx_word' id='word_1_168' title='bbox 245 1537 312 1572; x_wconf 90' lang='lat' dir='ltr'>aut</span> <span class='ocrx_word' id='word_1_169' title='bbox 341 1532 492 1572; x_wconf 76' lang='lat' dir='ltr'>exstitit</span> <span class='ocrx_word' id='word_1_170' title='bbox 521 1545 710 1586; x_wconf 87' lang='lat' dir='ltr'>unquam,</span> <span class='ocrx_word' id='word_1_171' title='bbox 741 1534 819 1574; x_wconf 92' lang='lat' dir='ltr'>nisi</span> <span class='ocrx_word' id='word_1_172' title='bbox 841 1533 945 1586; x_wconf 89' lang='lat' dir='ltr'>apud</span> <span class='ocrx_word' id='word_1_173' title='bbox 967 1533 1196 1583; x_wconf 89' lang='lat' dir='ltr'>Homerum,</span> <span class='ocrx_word' id='word_1_174' title='bbox 1225 1531 1332 1573; x_wconf 88' lang='lat' dir='ltr'>unde</span> <span class='ocrx_word' id='word_1_175' title='bbox 1365 1532 1522 1571; x_wconf 89' lang='lat' dir='ltr'>consuti</span> <span class='ocrx_word' id='word_1_176' title='bbox 1545 1536 1658 1572; x_wconf 89' lang='lat' dir='ltr'>sunt:</span> 
     </span>
     <span class='ocr_line' id='line_1_21' title="bbox 123 1605 1658 1656; baseline -0.001 -12"><span class='ocrx_word' id='word_1_177' title='bbox 123 1605 336 1645; x_wconf 80' lang='lat' dir='ltr'>maximam</span> <span class='ocrx_word' id='word_1_178' title='bbox 366 1609 517 1656; x_wconf 85' lang='lat' dir='ltr'>partem</span> <span class='ocrx_word' id='word_1_179' title='bbox 560 1617 611 1644; x_wconf 77' lang='lat' dir='ltr'>ex</span> <span class='ocrx_word' id='word_1_180' title='bbox 639 1606 850 1646; x_wconf 88' lang='lat' dir='ltr'>notissimo</span> <span class='ocrx_word' id='word_1_181' title='bbox 884 1605 1021 1645; x_wconf 83' lang='lat' dir='ltr'>Circes</span> <span class='ocrx_word' id='word_1_182' title='bbox 1052 1615 1264 1653; x_wconf 88' lang='lat' dir='ltr'>sermone,</span> <span class='ocrx_word' id='word_1_183' title='bbox 1300 1615 1416 1655; x_wconf 84' lang='lat' dir='ltr'>quein</span> <span class='ocrx_word' id='word_1_184' title='bbox 1455 1607 1493 1642; x_wconf 85' lang='lat' dir='ltr'>et</span> <span class='ocrx_word' id='word_1_185' title='bbox 1531 1605 1658 1655; x_wconf 88' lang='lat' dir='ltr'>ipsum</span> 
     </span>
     <span class='ocr_line' id='line_1_22' title="bbox 124 1674 1659 1731; baseline -0.003 -13"><span class='ocrx_word' id='word_1_186' title='bbox 124 1679 308 1730; x_wconf 87' lang='lat' dir='ltr'>apposuit</span> <span class='ocrx_word' id='word_1_187' title='bbox 336 1677 498 1727; x_wconf 78' lang='lat' dir='ltr'>Natalis,</span> <span class='ocrx_word' id='word_1_188' title='bbox 528 1678 603 1717; x_wconf 92' lang='lat' dir='ltr'>Od.</span> <span class='ocrx_word' id='word_1_189' title='bbox 624 1678 710 1718; x_wconf 83' lang='lat' dir='ltr'>Xll.</span> <span class='ocrx_word' id='word_1_190' title='bbox 733 1678 799 1719; x_wconf 81' lang='lat'>39.</span> <span class='ocrx_word' id='word_1_191' title='bbox 819 1691 906 1731; x_wconf 90' lang='lat' dir='ltr'>sqq.</span> <span class='ocrx_word' id='word_1_192' title='bbox 941 1678 1029 1728; x_wconf 90' lang='lat' dir='ltr'>sed,</span> <span class='ocrx_word' id='word_1_193' title='bbox 1062 1680 1104 1716; x_wconf 91' lang='lat' dir='ltr'>ut</span> <span class='ocrx_word' id='word_1_194' title='bbox 1134 1675 1282 1729; x_wconf 87' lang='lat' dir='ltr'>aliquid</span> <span class='ocrx_word' id='word_1_195' title='bbox 1309 1674 1487 1715; x_wconf 84' lang='lat' dir='ltr'>differret</span> <span class='ocrx_word' id='word_1_196' title='bbox 1504 1675 1659 1714; x_wconf 87' lang='lat' dir='ltr'>llome-</span> 
     </span>
     <span class='ocr_line' id='line_1_23' title="bbox 123 1746 1659 1804; baseline -0.003 -13"><span class='ocrx_word' id='word_1_197' title='bbox 123 1763 210 1791; x_wconf 89' lang='lat' dir='ltr'>rum</span> <span class='ocrx_word' id='word_1_198' title='bbox 241 1751 347 1790; x_wconf 88' lang='lat' dir='ltr'>inter</span> <span class='ocrx_word' id='word_1_199' title='bbox 376 1755 416 1790; x_wconf 85' lang='lat' dir='ltr'>et</span> <span class='ocrx_word' id='word_1_200' title='bbox 448 1750 655 1798; x_wconf 83' lang='lat' dir='ltr'>Lesclien,</span> <span class='ocrx_word' id='word_1_201' title='bbox 689 1752 768 1801; x_wconf 78' lang='grc' dir='ltr'>μὲν</span> <span class='ocrx_word' id='word_1_202' title='bbox 797 1752 960 1804; x_wconf 78' lang='grc' dir='ltr'><em>πρῶτον</em></span> <span class='ocrx_word' id='word_1_203' title='bbox 991 1749 1136 1791; x_wconf 86' lang='lat' dir='ltr'>callide</span> <span class='ocrx_word' id='word_1_204' title='bbox 1167 1751 1318 1787; x_wconf 89' lang='lat' dir='ltr'>mutato</span> <span class='ocrx_word' id='word_1_205' title='bbox 1350 1748 1388 1786; x_wconf 93' lang='lat' dir='ltr'>in</span> <span class='ocrx_word' id='word_1_206' title='bbox 1418 1746 1659 1797; x_wconf 75' lang='grc' dir='ltr'><strong>μετέπειτα.</strong></span> 
     </span>
     <span class='ocr_line' id='line_1_24' title="bbox 125 1817 1658 1876; baseline -0.003 -13"><span class='ocrx_word' id='word_1_207' title='bbox 125 1823 177 1863; x_wconf 88' lang='lat' dir='ltr'>cf.</span> <span class='ocrx_word' id='word_1_208' title='bbox 196 1822 271 1863; x_wconf 86' lang='lat' dir='ltr'>Od.</span> <span class='ocrx_word' id='word_1_209' title='bbox 290 1822 317 1862; x_wconf 93' lang='lat'>1.</span> <span class='ocrx_word' id='word_1_210' title='bbox 342 1821 433 1862; x_wconf 79' lang='lat'>161.</span> <span class='ocrx_word' id='word_1_211' title='bbox 464 1826 503 1861; x_wconf 89' lang='lat' dir='ltr'>et</span> <span class='ocrx_word' id='word_1_212' title='bbox 533 1820 726 1874; x_wconf 75' lang='grc' dir='ltr'><em>ἁλμυρὸν</em></span> <span class='ocrx_word' id='word_1_213' title='bbox 757 1818 873 1876; x_wconf 72' lang='grc' dir='ltr'>ὕδωρ</span> <span class='ocrx_word' id='word_1_214' title='bbox 906 1834 1043 1875; x_wconf 88' lang='lat' dir='ltr'>saepe.</span> <span class='ocrx_word' id='word_1_215' title='bbox 1159 1820 1341 1872; x_wconf 90' lang='lat' dir='ltr'>Denique</span> <span class='ocrx_word' id='word_1_216' title='bbox 1377 1818 1427 1857; x_wconf 88' lang='lat' dir='ltr'>de</span> <span class='ocrx_word' id='word_1_217' title='bbox 1457 1817 1658 1858; x_wconf 82' lang='lat' dir='ltr'>Musarum</span> 
     </span>
     <span class='ocr_line' id='line_1_25' title="bbox 123 1888 1657 1948; baseline -0.006 -13"><span class='ocrx_word' id='word_1_218' title='bbox 123 1895 297 1935; x_wconf 66' lang='lat' dir='ltr'>invenus</span> <span class='ocrx_word' id='word_1_219' title='bbox 327 1896 571 1948; x_wconf 83' lang='lat' dir='ltr'>epigramma</span> <span class='ocrx_word' id='word_1_220' title='bbox 605 1890 831 1947; x_wconf 74' lang='grc' dir='ltr'><em>Καλλιόπη</em></span> <span class='ocrx_word' id='word_1_221' title='bbox 860 1891 1014 1948; x_wconf 68' lang='grc' dir='ltr'><em>σοφίην</em></span> <span class='ocrx_word' id='word_1_222' title='bbox 1046 1897 1124 1933; x_wconf 90' lang='lat' dir='ltr'>etc.</span> <span class='ocrx_word' id='word_1_223' title='bbox 1163 1891 1307 1931; x_wconf 87' lang='lat' dir='ltr'>merito</span> <span class='ocrx_word' id='word_1_224' title='bbox 1349 1888 1442 1929; x_wconf 88' lang='lat' dir='ltr'>illud</span> <span class='ocrx_word' id='word_1_225' title='bbox 1473 1888 1657 1928; x_wconf 74' lang='grc' dir='ltr'>α’ὸέσπο-</span> 
     </span>
     <span class='ocr_line' id='line_1_26' title="bbox 123 1959 1655 2019; baseline -0.005 -13"><span class='ocrx_word' id='word_1_226' title='bbox 123 1981 195 2007; x_wconf 83' lang='grc' dir='ltr'>τον</span> <span class='ocrx_word' id='word_1_227' title='bbox 225 1967 265 2006; x_wconf 92' lang='lat' dir='ltr'>in</span> <span class='ocrx_word' id='word_1_228' title='bbox 288 1966 533 2019; x_wconf 89' lang='lat' dir='ltr'>Anthologia</span> <span class='ocrx_word' id='word_1_229' title='bbox 566 1966 735 2014; x_wconf 85' lang='lat' dir='ltr'>Graeca,</span> <span class='ocrx_word' id='word_1_230' title='bbox 765 1965 953 2005; x_wconf 88' lang='lat' dir='ltr'>Brunckii</span> <span class='ocrx_word' id='word_1_231' title='bbox 983 1965 1024 2004; x_wconf 91' lang='lat' dir='ltr'>T.</span> <span class='ocrx_word' id='word_1_232' title='bbox 1054 1965 1099 2005; x_wconf 89' lang='lat'>11.</span> <span class='ocrx_word' id='word_1_233' title='bbox 1128 1977 1165 2018; x_wconf 92' lang='lat' dir='ltr'>p.</span> <span class='ocrx_word' id='word_1_234' title='bbox 1197 1963 1294 2004; x_wconf 83' lang='lat'>513.</span> <span class='ocrx_word' id='word_1_235' title='bbox 1337 1960 1512 2001; x_wconf 88' lang='lat' dir='ltr'>Palatina</span> <span class='ocrx_word' id='word_1_236' title='bbox 1542 1959 1655 2000; x_wconf 88' lang='lat' dir='ltr'>T.11.</span> 
     </span>
     <span class='ocr_line' id='line_1_27' title="bbox 124 2031 1656 2089; baseline -0.003 -13"><span class='ocrx_word' id='word_1_237' title='bbox 124 2049 161 2089; x_wconf 89' lang='lat' dir='ltr'>p.</span> <span class='ocrx_word' id='word_1_238' title='bbox 194 2037 286 2077; x_wconf 78' lang='lat'>178.</span> <span class='ocrx_word' id='word_1_239' title='bbox 319 2042 358 2076; x_wconf 91' lang='lat' dir='ltr'>et</span> <span class='ocrx_word' id='word_1_240' title='bbox 388 2037 491 2089; x_wconf 89' lang='lat' dir='ltr'>apud</span> <span class='ocrx_word' id='word_1_241' title='bbox 525 2040 792 2078; x_wconf 85' lang='lat' dir='ltr'>Burmannum</span> <span class='ocrx_word' id='word_1_242' title='bbox 825 2037 875 2076; x_wconf 89' lang='lat' dir='ltr'>ad</span> <span class='ocrx_word' id='word_1_243' title='bbox 902 2036 1027 2078; x_wconf 86' lang='lat' dir='ltr'>Anth.</span> <span class='ocrx_word' id='word_1_244' title='bbox 1045 2037 1128 2077; x_wconf 88' lang='lat' dir='ltr'>Lat.</span> <span class='ocrx_word' id='word_1_245' title='bbox 1158 2035 1290 2076; x_wconf 89' lang='lat' dir='ltr'>Lib.I.</span> <span class='ocrx_word' id='word_1_246' title='bbox 1315 2031 1382 2074; x_wconf 75' lang='lat'>74.</span> <span class='ocrx_word' id='word_1_247' title='bbox 1413 2044 1514 2072; x_wconf 87' lang='lat' dir='ltr'>unus</span> <span class='ocrx_word' id='word_1_248' title='bbox 1539 2044 1656 2085; x_wconf 87' lang='lat' dir='ltr'>quem</span> 
     </span>
     <span class='ocr_line' id='line_1_28' title="bbox 125 2106 1661 2161; baseline -0.002 -13"><span class='ocrx_word' id='word_1_249' title='bbox 125 2110 250 2149; x_wconf 88' lang='lat' dir='ltr'>sciam</span> <span class='ocrx_word' id='word_1_250' title='bbox 278 2109 430 2149; x_wconf 79' lang='lat' dir='ltr'>Natalis</span> <span class='ocrx_word' id='word_1_251' title='bbox 461 2109 540 2148; x_wconf 79' lang='lat' dir='ltr'>Vll.</span> <span class='ocrx_word' id='word_1_252' title='bbox 578 2110 639 2149; x_wconf 91' lang='lat'>15.</span> <span class='ocrx_word' id='word_1_253' title='bbox 675 2122 711 2161; x_wconf 90' lang='lat' dir='ltr'>p.</span> <span class='ocrx_word' id='word_1_254' title='bbox 740 2109 834 2149; x_wconf 86' lang='lat'>507.</span> <span class='ocrx_word' id='word_1_255' title='bbox 870 2108 1046 2149; x_wconf 85' lang='lat' dir='ltr'>obtrudit</span> <span class='ocrx_word' id='word_1_256' title='bbox 1081 2107 1340 2149; x_wconf 78' lang='lat' dir='ltr'>Callimacho.</span> <span class='ocrx_word' id='word_1_257' title='bbox 1399 2106 1561 2147; x_wconf 85' lang='lat' dir='ltr'>Scilicet</span> <span class='ocrx_word' id='word_1_258' title='bbox 1585 2118 1661 2146; x_wconf 86' lang='lat' dir='ltr'>ac-</span> 
     </span>
     <span class='ocr_line' id='line_1_29' title="bbox 125 2179 1658 2234; baseline 0 -14"><span class='ocrx_word' id='word_1_259' title='bbox 125 2186 288 2234; x_wconf 87' lang='lat' dir='ltr'>ceperat</span> <span class='ocrx_word' id='word_1_260' title='bbox 307 2181 582 2222; x_wconf 83' lang='lat' dir='ltr'>doctissimum</span> <span class='ocrx_word' id='word_1_261' title='bbox 612 2187 773 2234; x_wconf 85' lang='lat' dir='ltr'>poetam</span> <span class='ocrx_word' id='word_1_262' title='bbox 797 2182 922 2222; x_wconf 83' lang='lat' dir='ltr'>fuisse</span> <span class='ocrx_word' id='word_1_263' title='bbox 945 2181 1248 2222; x_wconf 86' lang='lat' dir='ltr'>Callimachum:</span> <span class='ocrx_word' id='word_1_264' title='bbox 1282 2180 1402 2233; x_wconf 86' lang='lat' dir='ltr'>igitur</span> <span class='ocrx_word' id='word_1_265' title='bbox 1422 2179 1658 2220; x_wconf 89' lang='lat' dir='ltr'>doctissimo</span> 
     </span>
     <span class='ocr_line' id='line_1_30' title="bbox 124 2252 1659 2307; baseline -0.002 -14"><span class='ocrx_word' id='word_1_266' title='bbox 124 2258 245 2306; x_wconf 86' lang='lat' dir='ltr'>poeta</span> <span class='ocrx_word' id='word_1_267' title='bbox 277 2254 437 2307; x_wconf 88' lang='lat' dir='ltr'>dignum</span> <span class='ocrx_word' id='word_1_268' title='bbox 471 2259 548 2294; x_wconf 90' lang='lat' dir='ltr'>tam</span> <span class='ocrx_word' id='word_1_269' title='bbox 584 2254 746 2294; x_wconf 88' lang='lat' dir='ltr'>doctum</span> <span class='ocrx_word' id='word_1_270' title='bbox 777 2265 952 2294; x_wconf 88' lang='lat' dir='ltr'>carmen.</span> <span class='ocrx_word' id='word_1_271' title='bbox 1012 2253 1286 2306; x_wconf 88' lang='lat' dir='ltr'>Reputandum</span> <span class='ocrx_word' id='word_1_272' title='bbox 1321 2256 1406 2302; x_wconf 84' lang='lat' dir='ltr'>est,</span> <span class='ocrx_word' id='word_1_273' title='bbox 1437 2253 1559 2291; x_wconf 85' lang='lat' dir='ltr'>aetati</span> <span class='ocrx_word' id='word_1_274' title='bbox 1589 2252 1659 2301; x_wconf 91' lang='lat' dir='ltr'>illi,</span> 
     </span>
     <span class='ocr_line' id='line_1_31' title="bbox 125 2324 1659 2381; baseline -0.001 -16"><span class='ocrx_word' id='word_1_275' title='bbox 125 2336 199 2378; x_wconf 91' lang='lat' dir='ltr'>pro</span> <span class='ocrx_word' id='word_1_276' title='bbox 228 2338 298 2365; x_wconf 89' lang='lat' dir='ltr'>sua</span> <span class='ocrx_word' id='word_1_277' title='bbox 329 2327 564 2380; x_wconf 80' lang='lat' dir='ltr'>indigentia,</span> <span class='ocrx_word' id='word_1_278' title='bbox 597 2339 645 2366; x_wconf 88' lang='lat' dir='ltr'>ea</span> <span class='ocrx_word' id='word_1_279' title='bbox 677 2327 855 2379; x_wconf 88' lang='lat' dir='ltr'>inprimis</span> <span class='ocrx_word' id='word_1_280' title='bbox 888 2326 1010 2367; x_wconf 89' lang='lat' dir='ltr'>docta</span> <span class='ocrx_word' id='word_1_281' title='bbox 1041 2327 1127 2367; x_wconf 79' lang='lat' dir='ltr'>visa</span> <span class='ocrx_word' id='word_1_282' title='bbox 1159 2337 1278 2375; x_wconf 89' lang='lat' dir='ltr'>esse,</span> <span class='ocrx_word' id='word_1_283' title='bbox 1311 2336 1413 2381; x_wconf 86' lang='lat' dir='ltr'>quae</span> <span class='ocrx_word' id='word_1_284' title='bbox 1445 2324 1659 2376; x_wconf 69' lang='lat' dir='ltr'>‹liclactica,</span> 
     </span>
     <span class='ocr_line' id='line_1_32' title="bbox 125 2397 1660 2452; baseline -0.001 -14"><span class='ocrx_word' id='word_1_285' title='bbox 125 2403 165 2438; x_wconf 84' lang='lat' dir='ltr'>et</span> <span class='ocrx_word' id='word_1_286' title='bbox 196 2410 248 2438; x_wconf 84' lang='lat' dir='ltr'>ex</span> <span class='ocrx_word' id='word_1_287' title='bbox 276 2399 417 2450; x_wconf 87' lang='lat' dir='ltr'>quibus</span> <span class='ocrx_word' id='word_1_288' title='bbox 447 2400 578 2439; x_wconf 90' lang='lat' dir='ltr'>statim</span> <span class='ocrx_word' id='word_1_289' title='bbox 611 2399 911 2452; x_wconf 82' lang='lat' dir='ltr'>compendiaria</span> <span class='ocrx_word' id='word_1_290' title='bbox 944 2398 1140 2452; x_wconf 87' lang='lat' dir='ltr'>quaedam</span> <span class='ocrx_word' id='word_1_291' title='bbox 1170 2398 1353 2438; x_wconf 88' lang='lat' dir='ltr'>doctrina</span> <span class='ocrx_word' id='word_1_292' title='bbox 1381 2397 1530 2437; x_wconf 88' lang='lat' dir='ltr'>hauriri</span> <span class='ocrx_word' id='word_1_293' title='bbox 1557 2409 1660 2449; x_wconf 89' lang='lat' dir='ltr'>pos-</span> 
     </span>
     <span class='ocr_line' id='line_1_33' title="bbox 127 2470 1659 2524; baseline 0.001 -15"><span class='ocrx_word' id='word_1_294' title='bbox 127 2475 212 2510; x_wconf 89' lang='lat' dir='ltr'>set:</span> <span class='ocrx_word' id='word_1_295' title='bbox 245 2474 286 2510; x_wconf 90' lang='lat' dir='ltr'>ut</span> <span class='ocrx_word' id='word_1_296' title='bbox 313 2471 558 2524; x_wconf 83' lang='lat' dir='ltr'>epigramma</span> <span class='ocrx_word' id='word_1_297' title='bbox 591 2472 684 2523; x_wconf 90' lang='lat' dir='ltr'>hoc,</span> <span class='ocrx_word' id='word_1_298' title='bbox 715 2477 755 2512; x_wconf 87' lang='lat' dir='ltr'>ct</span> <span class='ocrx_word' id='word_1_299' title='bbox 785 2473 1143 2524; x_wconf 74' lang='lat' dir='ltr'>Hei-mesianactis,</span> <span class='ocrx_word' id='word_1_300' title='bbox 1176 2472 1210 2511; x_wconf 88' lang='lat' dir='ltr'>si</span> <span class='ocrx_word' id='word_1_301' title='bbox 1235 2471 1311 2510; x_wconf 90' lang='lat' dir='ltr'>diis</span> <span class='ocrx_word' id='word_1_302' title='bbox 1342 2470 1485 2523; x_wconf 86' lang='lat' dir='ltr'>placet,</span> <span class='ocrx_word' id='word_1_303' title='bbox 1516 2481 1659 2510; x_wconf 90' lang='lat' dir='ltr'>versus</span> 
     </span>
     <span class='ocr_line' id='line_1_34' title="bbox 125 2542 1659 2595; baseline 0 -13"><span class='ocrx_word' id='word_1_304' title='bbox 125 2542 257 2595; x_wconf 88' lang='lat' dir='ltr'>paullo</span> <span class='ocrx_word' id='word_1_305' title='bbox 290 2547 383 2583; x_wconf 87' lang='lat' dir='ltr'>ante</span> <span class='ocrx_word' id='word_1_306' title='bbox 411 2546 723 2585; x_wconf 88' lang='lat' dir='ltr'>commemorati.</span> <span class='ocrx_word' id='word_1_307' title='bbox 784 2545 877 2584; x_wconf 89' lang='lat' dir='ltr'>Post</span> <span class='ocrx_word' id='word_1_308' title='bbox 906 2544 1008 2584; x_wconf 92' lang='lat' dir='ltr'>haec</span> <span class='ocrx_word' id='word_1_309' title='bbox 1040 2557 1159 2584; x_wconf 87' lang='lat' dir='ltr'>nemo</span> <span class='ocrx_word' id='word_1_310' title='bbox 1195 2543 1415 2593; x_wconf 87' lang='lat' dir='ltr'>mirabitur,</span> <span class='ocrx_word' id='word_1_311' title='bbox 1447 2543 1553 2595; x_wconf 84' lang='lat' dir='ltr'>quod</span> <span class='ocrx_word' id='word_1_312' title='bbox 1571 2543 1659 2583; x_wconf 86' lang='lat' dir='ltr'>IIe-</span> 
     </span>
     <span class='ocr_line' id='line_1_35' title="bbox 127 2614 1660 2670; baseline 0.003 -16"><span class='ocrx_word' id='word_1_313' title='bbox 127 2615 235 2655; x_wconf 83' lang='lat' dir='ltr'>coles</span> <span class='ocrx_word' id='word_1_314' title='bbox 269 2614 545 2668; x_wconf 86' lang='lat' dir='ltr'>appellatione,</span> <span class='ocrx_word' id='word_1_315' title='bbox 576 2628 654 2670; x_wconf 90' lang='lat' dir='ltr'>quo</span> <span class='ocrx_word' id='word_1_316' title='bbox 685 2616 735 2657; x_wconf 88' lang='lat' dir='ltr'>de</span> <span class='ocrx_word' id='word_1_317' title='bbox 766 2621 954 2670; x_wconf 88' lang='lat' dir='ltr'>poemate</span> <span class='ocrx_word' id='word_1_318' title='bbox 983 2616 1132 2670; x_wconf 86' lang='lat' dir='ltr'>aliquid</span> <span class='ocrx_word' id='word_1_319' title='bbox 1165 2616 1335 2669; x_wconf 81' lang='lat' dir='ltr'>legerat,</span> <span class='ocrx_word' id='word_1_320' title='bbox 1366 2615 1498 2655; x_wconf 83' lang='lat' dir='ltr'>locum</span> <span class='ocrx_word' id='word_1_321' title='bbox 1531 2617 1581 2656; x_wconf 90' lang='lat' dir='ltr'>ab</span> <span class='ocrx_word' id='word_1_322' title='bbox 1613 2629 1660 2658; x_wconf 86' lang='lat' dir='ltr'>se</span> 
     </span>
     <span class='ocr_line' id='line_1_36' title="bbox 125 2689 1659 2742; baseline 0 -13"><span class='ocrx_word' id='word_1_323' title='bbox 125 2689 321 2742; x_wconf 86' lang='lat' dir='ltr'>prolatum</span> <span class='ocrx_word' id='word_1_324' title='bbox 352 2689 582 2730; x_wconf 88' lang='lat' dir='ltr'>Callimachi</span> <span class='ocrx_word' id='word_1_325' title='bbox 604 2691 754 2731; x_wconf 85' lang='lat' dir='ltr'>Natalis</span> <span class='ocrx_word' id='word_1_326' title='bbox 782 2691 980 2731; x_wconf 88' lang='lat' dir='ltr'>illustrare</span> <span class='ocrx_word' id='word_1_327' title='bbox 1010 2690 1195 2730; x_wconf 81' lang='lat' dir='ltr'>volucrit.</span> <span class='ocrx_word' id='word_1_328' title='bbox 1255 2689 1392 2739; x_wconf 80' lang='lat' dir='ltr'>Neque</span> <span class='ocrx_word' id='word_1_329' title='bbox 1424 2689 1659 2729; x_wconf 85' lang='lat' dir='ltr'>temeritatis</span> 
     </span>
     <span class='ocr_line' id='line_1_37' title="bbox 128 2760 1658 2815; baseline 0 -13"><span class='ocrx_word' id='word_1_330' title='bbox 128 2763 278 2803; x_wconf 88' lang='lat' dir='ltr'>crimen</span> <span class='ocrx_word' id='word_1_331' title='bbox 314 2763 539 2813; x_wconf 86' lang='lat' dir='ltr'>incurram,</span> <span class='ocrx_word' id='word_1_332' title='bbox 572 2763 605 2802; x_wconf 90' lang='lat' dir='ltr'>si</span> <span class='ocrx_word' id='word_1_333' title='bbox 639 2762 781 2802; x_wconf 88' lang='lat' dir='ltr'>eadem</span> <span class='ocrx_word' id='word_1_334' title='bbox 816 2774 939 2814; x_wconf 87' lang='lat' dir='ltr'>opera</span> <span class='ocrx_word' id='word_1_335' title='bbox 978 2762 1244 2815; x_wconf 83' lang='lat' dir='ltr'>fragmentum</span> <span class='ocrx_word' id='word_1_336' title='bbox 1277 2760 1450 2800; x_wconf 81' lang='lat' dir='ltr'>Hecales</span> <span class='ocrx_word' id='word_1_337' title='bbox 1492 2761 1658 2802; x_wconf 88' lang='lat' dir='ltr'>alterum</span> 
     </span>
     <span class='ocr_line' id='line_1_38' title="bbox 129 2832 1660 2886; baseline 0.001 -12"><span class='ocrx_word' id='word_1_338' title='bbox 129 2838 340 2875; x_wconf 73' lang='lat' dir='ltr'>extorsero</span> <span class='ocrx_word' id='word_1_339' title='bbox 374 2833 505 2875; x_wconf 76' lang='lat' dir='ltr'>Natali</span> <span class='ocrx_word' id='word_1_340' title='bbox 535 2833 690 2874; x_wconf 87' lang='lat' dir='ltr'>Comiti.</span> <span class='ocrx_word' id='word_1_341' title='bbox 748 2832 792 2873; x_wconf 88' lang='lat' dir='ltr'>ld</span> <span class='ocrx_word' id='word_1_342' title='bbox 834 2833 900 2873; x_wconf 87' lang='lat' dir='ltr'>ille</span> <span class='ocrx_word' id='word_1_343' title='bbox 931 2832 998 2874; x_wconf 87' lang='lat' dir='ltr'>IX.</span> <span class='ocrx_word' id='word_1_344' title='bbox 1025 2832 1063 2873; x_wconf 82' lang='lat'>5.</span> <span class='ocrx_word' id='word_1_345' title='bbox 1094 2845 1131 2886; x_wconf 91' lang='lat' dir='ltr'>p.</span> <span class='ocrx_word' id='word_1_346' title='bbox 1163 2832 1259 2874; x_wconf 66' lang='lat'>655.</span> <span class='ocrx_word' id='word_1_347' title='bbox 1290 2833 1343 2873; x_wconf 87' lang='lat' dir='ltr'>ita</span> <span class='ocrx_word' id='word_1_348' title='bbox 1382 2832 1562 2886; x_wconf 83' lang='lat' dir='ltr'>profert,</span> <span class='ocrx_word' id='word_1_349' title='bbox 1592 2835 1660 2876; x_wconf 86' lang='lat' dir='ltr'>ubi</span> 
     </span>
    </p>
   </div>
  </div>
 </body>
</html>
