1856 3126
722 110 997 149 ...37-

101 228 404 271 celeberrimum
433 225 605 266 nominis
634 225 887 267 Callimachei
917 229 1226 277 monumentum,
1255 226 1387 275 Aetia,
1415 225 1511 264 satis
1531 236 1620 263 ma-

100 316 237 357 gnum,
264 301 298 341 si
326 300 513 340 ambitum
543 303 717 351 spectes,
752 311 864 351 opus,
897 299 969 338 sed
1001 311 1082 338 non
1103 311 1221 338 unum
1244 303 1361 350 atque
1392 297 1619 337 continuum

100 386 255 429 poema.
320 371 501 424 Denique
541 375 632 423 post
662 370 838 411 Hecaten
877 370 977 420 alia,
1018 370 1185 422 hymnus
1230 371 1269 425 in
1301 369 1552 422 Apollinem,
1581 371 1621 407 et

99 448 272 487 sortasse
302 444 367 484 alii
399 444 547 496 hymni.
605 442 647 482 ln
680 443 844 495 Hymnis
874 441 1058 494 equidem
1091 453 1172 481 non
1202 442 1514 493 simplicitatem,
1547 439 1620 479 sed

97 517 414 558 mediocritatem
452 515 649 567 quandam
691 514 768 555 stili
814 526 1040 568 agnoscere
1081 513 1174 553 mihi
1212 513 1378 564 videor,
1424 514 1501 553 hoc
1544 516 1620 560 est,

96 590 221 631 verba
253 588 451 642 grandia,
479 599 591 638 rara,
630 587 821 627 audacter
860 587 964 627 dicta
1007 597 1088 626 non
1132 589 1210 625 tam
1251 585 1468 635 cumulata,
1503 597 1619 637 quam

96 664 222 704 fuisse
252 662 292 701 in
322 662 409 702 aliis
438 660 626 713 operibus
663 659 859 700 cumulata
893 657 1084 698 credibile
1113 661 1184 697 est.
1254 658 1340 704 Quo
1372 656 1516 696 sactum
1545 660 1619 706 est,

95 740 138 776 ut
165 735 395 787 aliquanto,
426 734 503 774 nisi
546 732 690 784 fallor,
730 732 858 772 rarius
895 731 1038 784 Hymni
1081 727 1312 769 Callimachi
1354 729 1403 768 ab
1447 729 1617 781 antiquis

93 807 365 863 grammaticis
395 805 628 859 laudentur,
672 816 787 856 quam
825 802 902 843 alia
932 805 1127 855 poemata.
1185 800 1312 850 Dico,
1343 800 1392 839 ab
1422 800 1614 852 antiquis:

93 894 175 922 non
201 892 339 921 moror
368 878 472 919 enim
502 879 728 918 Draconem
746 907 756 927 ,
787 876 852 929 qui
882 876 1027 928 ubique
1056 873 1220 927 Hymnis
1248 873 1381 913 utiturss
1447 873 1517 913 Est
1547 872 1617 912 ubi

94 955 272 995 incertus
305 951 488 1003 haereas,
519 954 647 991 utrum
680 951 744 1002 qui
772 949 907 990 laudat
930 947 1214 989 Callimachum
1240 947 1537 1000 grammaticus,
1567 958 1618 986 ex

93 1024 258 1078 Hymnis
287 1023 444 1073 locum,
486 1033 537 1061 an
577 1020 693 1061 alium
727 1033 777 1061 ex
816 1032 938 1074 opere
971 1019 1180 1073 deperdito
1219 1019 1422 1072 respiciat.
1488 1019 1617 1059 Veluti

95 1108 198 1150 quae
228 1107 333 1135 nunc
363 1094 593 1135 Callimachi
622 1095 899 1148 Fragmentum
928 1092 1117 1133 CCCClV.
1159 1092 1363 1143 efficiunt,
1395 1091 1517 1131 verba
1551 1091 1617 1130 in-

94 1167 278 1221 terpretis
307 1167 447 1219 graeci
478 1167 518 1206 in
547 1166 731 1218 Apollon.
762 1165 888 1207 Rhod.
910 1165 954 1206 11.
976 1165 1013 1205 4.
1045 1162 1216 1205 Μελίαν
1245 1164 1291 1204 δέ
1322 1179 1451 1218 φησιν
1481 1161 1618 1217 αἰπήν

96 1237 168 1280 διὰ
201 1237 244 1280 τό
275 1236 389 1284 τινὰς
428 1239 512 1277 τῶν
539 1238 716 1291 νυμφῶν
749 1237 918 1284 ΖΠελιάς
956 1237 1178 1275 καλεῖσθαι
1220 1233 1300 1275 α’πὸ
1343 1237 1504 1284 [Πελίας
1545 1237 1618 1287 τῆς

93 1310 316 1360 Ὠκεανοῦ,
356 1303 413 1357 ὥς
451 1323 556 1363 φησι
588 1308 892 1359 Καλλιζιιαχοςε
935 1319 982 1346 ea
1021 1307 1282 1359 Spanhemius
1323 1308 1526 1349 rescrebat
1566 1308 1617 1347 ad

95 1382 281 1437 hymnum
312 1382 351 1422 in
386 1381 520 1422 Iovem
550 1393 587 1420 v.
619 1380 685 1420 47.
744 1379 903 1418 Poterat
945 1379 1085 1418 eadem
1128 1379 1178 1418 ad
1220 1379 1406 1432 hymnum
1448 1380 1489 1419 in
1528 1380 1615 1420 Del.

95 1469 134 1498 v.
161 1456 229 1498 80.
259 1455 327 1496 ubi
355 1455 406 1496 cf.
437 1453 563 1495 schol.
622 1453 900 1506 Fragmentum
929 1452 1177 1492 CCCLXXV.
1205 1464 1255 1491 ex
1283 1451 1423 1491 iisdem
1453 1451 1617 1491 scholiis

94 1529 298 1583 Apollonii
330 1527 380 1568 ad
408 1527 478 1568 lib.
506 1527 533 1567 1.
567 1527 656 1566 117.
699 1525 878 1578 petitum:
920 1521 1190 1578 ἐκεραυνώθη
1225 1525 1270 1565 δὲ
1301 1525 1502 1576 (Asopus)
1533 1521 1614 1564 ὑπὸ

93 1601 199 1651 Διὸς
230 1599 391 1641 διώκων
422 1598 563 1650 adrev,
593 1595 663 1638 ὸίἁ
696 1595 740 1639 τὸ
773 1594 1002 1650 ἧρπακέιάι
1029 1594 1103 1649 τήν
1133 1598 1350 1650 θυγατέρα
1381 1596 1516 1636 αὐτοῦ
1534 1595 1619 1637 Ai‘.

95 1689 226 1728 γιναν,
259 1672 316 1720 ὥς
344 1672 414 1712 καί
441 1673 718 1723 Καλλίμαχος
749 1670 897 1725 φησι’ν;
928 1681 1006 1723 ego
1039 1669 1251 1722 aliquando
1283 1668 1534 1709 eximendum
1566 1681 1617 1708 ex

95 1758 263 1788 numero
293 1746 647 1799 Fragmentorum,
679 1756 917 1796 versumque
949 1743 1156 1784 obversari
1188 1741 1321 1794 hymni
1353 1742 1394 1782 in
1431 1741 1518 1782 Del.
1551 1741 1616 1781 78.

97 1820 303 1873 interpreti
333 1818 534 1872 Apollonii
570 1816 785 1869 opinabar3
815 1816 865 1857 de
896 1816 1114 1857 occasione
1152 1814 1328 1855 vulneris
1358 1813 1464 1866 quod
1495 1813 1618 1862 addit,

98 1889 262 1931 διώκων
299 1887 427 1930 αυ’τὸν
457 1886 527 1929 διά
559 1888 603 1929 τὸ
634 1887 730 1943 ἦρπ.
762 1904 800 1928 τ.
834 1891 876 1929 θ.
908 1885 977 1930 av’.
1010 1884 1210 1941 Αἴγιναν,
1241 1886 1398 1927 aliunde
1429 1887 1618 1926 didiCisse

97 1967 265 2017 poterat.
324 1962 470 2015 Hygini
499 1962 608 2002 Poet.
639 1963 802 2002 Astron.
836 1961 882 2002 ll.
915 1960 980 2001 33.
1024 1965 1062 2000 et
1093 1973 1144 2000 ex
1180 1960 1337 2014 Hygino
1369 1959 1619 2001 Scholiastae

101 2034 330 2076 Germanici
374 2034 423 2074 ad
454 2047 492 2074 v.
523 2032 617 2076 340.
662 2035 891 2075 testimonio
934 2038 1046 2074 recte
1089 2033 1291 2074 Bentleius
1330 2032 1475 2073 nullum
1518 2033 1621 2072 inter

101 2109 339 2162 Fragmenta
370 2107 600 2148 Callimachi
632 2108 763 2148 locum
793 2107 923 2148 dedit:
952 2108 1122 2160 pertinet
1153 2107 1257 2146 enim
1289 2105 1337 2146 ad
1365 2105 1407 2145 h.
1437 2106 1478 2145 in
1503 2106 1619 2146 Dian.

101 2183 139 2226 9.
169 2186 211 2222 ut
244 2180 521 2221 animadvertit
547 2180 801 2221 Munckerus.
858 2181 912 2221 At
942 2180 1083 2221 eadem
1118 2180 1275 2220 ratione
1314 2190 1510 2231 quaeras,
1542 2190 1620 2230 quo

101 2254 188 2294 iure
215 2254 394 2294 eiusdem
423 2253 570 2307 Hygini
597 2254 642 2295 ΙΙ.
678 2254 740 2294 18.
775 2258 816 2294 et
847 2251 914 2295 34.
949 2253 997 2293 dc
1027 2252 1269 2293 Callimacho
1299 2252 1523 2292 testimonia
1558 2252 1624 2290 in-

102 2331 164 2367 ter
189 2327 425 2379 Fragmenta
450 2327 629 2367 serantur
657 2325 900 2376 Callimachi,
927 2325 1228 2366 CCCLXXXVI.
1246 2329 1284 2365 et
1301 2324 1622 2364 CCCLXXXVH.

102 2398 206 2448 Quid
235 2400 354 2450 enim,
383 2400 417 2439 si
446 2404 653 2452 utrumque
683 2399 734 2440 ad
775 2399 961 2452 hymnum
991 2399 1031 2438 in
1060 2399 1254 2448 Dianam,
1291 2396 1384 2438 illud
1426 2397 1533 2448 prius
1570 2396 1621 2436 ad

101 2485 142 2513 v.
165 2471 259 2513 966.
278 2472 318 2512 7.
357 2472 520 2513 alterum
549 2472 600 2512 ad
629 2484 788 2513 versum
813 2471 905 2512 965.
939 2472 1124 2524 spectet?
1181 2471 1317 2511 Restat
1344 2474 1385 2510 ut
1412 2469 1620 2521 explicem,

102 2556 174 2585 cur
200 2545 238 2584 in
268 2543 307 2583 h.
337 2543 465 2596 Apoll.
502 2545 592 2585 106.
622 2557 694 2597 pro
722 2557 788 2595 eo,
815 2544 922 2598 quod
952 2545 1130 2586 certatim
1151 2544 1374 2592 Dawesius‚
1401 2541 1622 2593 Ernestius,

101 2614 338 2666 Brunckius‚
368 2616 634 2656 Blomfieldius
663 2616 785 2656 scribi
815 2617 1029 2666 iusserunt,
1063 2616 1162 2670 ου’χ,
1196 2627 1273 2668 ego
1305 2626 1500 2655 revocare
1530 2615 1621 2655 vul-

99 2693 235 2742 gatum
266 2689 360 2729 ozid’
388 2700 508 2729 ausus
553 2690 640 2729 sim.
698 2689 787 2728 oca*
823 2689 875 2729 ita
915 2688 1137 2736 delendas,
1169 2693 1210 2728 ut
1242 2700 1329 2728 cum
1371 2690 1554 2729 acumine
1583 2693 1623 2728 et

101 2762 370 2813 superlatione
403 2763 547 2803 dictum
578 2763 653 2803 sit:
686 2774 736 2802 ne
778 2766 924 2802 tantum
967 2761 1126 2814 quidem
1158 2765 1343 2812 quantum
1374 2774 1510 2813 mare,
1548 2761 1622 2802 der

98 2833 210 2876 nicht
238 2836 380 2877 cimnal
405 2848 453 2878 so
480 2835 559 2877 viel
589 2836 647 2878 als
671 2836 736 2877 ein
766 2848 877 2877 mecr
900 2836 1023 2889 singt,
1045 2834 1121 2887 vel,
1154 2832 1226 2874 der
1245 2834 1355 2875 nicht
1373 2835 1624 2889 wenigstcns
