1856 3126
754 105 1060 141 —108-

129 221 216 260 sine
246 221 408 259 nominc
439 225 596 272 poetae.
655 222 894 270 βιοπλανές,
927 234 998 273 pro
1030 225 1275 274 βιοπλανὲες
1301 223 1467 274 dictum,
1499 221 1668 262 illustrat

132 291 405 332 Buttmannus.
479 291 566 344 Ego
597 292 781 332 Nonnum
815 293 1056 344 observavi,
1088 296 1152 346 qui
1183 296 1260 336 hoc
1290 295 1556 341 vocabulum,
1595 294 1668 334 sed

131 364 276 403 usitate
310 364 544 411 formatum,
575 375 596 402 a
629 363 871 404 Callimacho
904 366 1089 418 sumpsit,
1119 371 1157 406 et
1196 379 1248 406 ex
1279 366 1359 406 hoc
1393 379 1512 407 versu
1545 365 1669 406 Calli-

130 433 281 482 machi,
316 434 471 486 Evang.
503 434 640 473 Ioann.
671 434 773 474 Xlll.
803 435 868 475 29.
902 430 926 484 ἢ
956 437 1023 475 ἱίἀ
1055 452 1091 476 τι
1123 442 1396 489 πτωχοΐσι
1431 440 1668 488 βιοπλα-

130 504 354 543 νέεσσιν
397 503 573 561 ὀπάσσῃ.
621 511 661 545 et
692 507 809 546 aliam
850 508 889 546 in
921 508 1161 547 sententiam
1210 508 1436 557 detortum,
1479 508 1565 548 XV.
1603 509 1665 548 19.

128 576 214 615 XX.
247 576 312 616 23.
370 577 414 616 In
448 579 705 631 Dionysiacis
735 592 816 619 non
846 580 939 628 hoc,
973 580 1045 620 sed
1078 586 1321 633 cognatum,
1352 581 1414 620 lll.
1448 580 1544 620 356.
1573 583 1667 631 βιο-

126 646 350 699 πλάγκτοιο
381 646 522 702 τύχης.
583 651 710 691 Unum
748 657 877 703 putem
919 652 1095 691 sortasse
1134 664 1214 691 non
1258 654 1497 704 scripturum
1542 650 1666 691 fuisse

124 717 433 769 Buttmannum,
464 721 497 759 si
530 725 607 760 tum
639 735 784 761 recens
817 735 838 762 a
871 723 1045 763 lectione
1078 723 1308 763 Callimachi
1350 724 1505 764 fuisset.
1565 723 1663 763 Nam

125 791 179 829 ita
212 802 257 829 se
288 790 477 831 habuisse
499 805 658 832 versum
681 793 925 844 Callimachi,
955 800 996 834 ut
1025 795 1155 834 obiter
1184 795 1348 834 coniicit
1378 795 1661 834 Buttmannus:

124 857 311 914 γηφάγοι
343 862 522 918 [ἀνέρες]
542 896 552 915 ,
585 866 627 904 οἳ
654 879 694 904 τε
726 868 948 916 βιοπλανὲς
976 863 1105 920 (Iyyon)
1137 863 1207 906 ἀπ’
1238 867 1282 906 α’.
1307 882 1351 919 φ.
1384 879 1464 906 non
1495 871 1554 906 est
1575 865 1661 905 veri

125 933 449 986 Similepropter
478 936 685 975 insuavem
716 949 924 976 caesuram
957 940 995 977 in
1026 939 1206 978 secundo
1235 939 1353 990 pede,
1388 939 1542 991 qualem
1576 939 1660 978 ser-

122 1016 208 1045 rem
242 1006 453 1057 equidem,
484 1008 516 1046 si
548 1009 600 1046 ita
630 1010 819 1060 scriptum
853 1010 891 1048 in
926 1009 1038 1049 libris
1069 1022 1161 1049 esse
1199 1010 1403 1060 viderem,
1436 1015 1475 1050 at.
1515 1011 1660 1050 conie-

127 1082 238 1117 ctura
271 1078 420 1117 inferre
447 1078 486 1117 in
518 1078 798 1118 Callimachum
830 1092 912 1118 non
944 1080 1126 1120 audeam.
1185 1081 1427 1133 Attingimus
1451 1083 1662 1133 quaestio-

125 1160 216 1188 nem
261 1153 475 1201 cognatam
524 1161 644 1202 supra
691 1150 900 1202 disputatis
932 1151 1024 1203 Cap.
1058 1151 1084 1191 Ι.
1118 1165 1153 1204 p.
1189 1152 1254 1194 92.
1288 1156 1326 1191 et
1357 1151 1420 1191 lll.
1455 1165 1493 1204 p.
1519 1153 1586 1193 40.
1619 1151 1658 1192 4.

120 1220 334 1260 Insuavem
367 1225 498 1260 autem
527 1222 618 1260 dico
651 1234 732 1261 non
781 1234 990 1262 caesuram
1028 1223 1067 1262 in
1111 1235 1162 1262 eo
1200 1223 1304 1275 pede
1347 1235 1525 1263 omnem:
1569 1228 1662 1263 sunt

121 1292 303 1344 exempla
336 1293 438 1344 apud
471 1293 771 1342 Callimachum,
800 1300 891 1334 sunt
923 1295 1084 1334 minime
1117 1308 1208 1335 rara
1243 1295 1346 1347 apud
1380 1295 1662 1336 observantis-

119 1366 261 1404 simum
292 1364 430 1404 harum
464 1377 599 1405 rerum
639 1367 858 1417 artificem,
900 1367 1113 1416 Nonnum,
1160 1368 1339 1407 eiusdem
1384 1368 1502 1419 plane
1547 1367 1658 1408 modi

118 1448 430 1487 mensuraeque:
478 1431 589 1492 ἄλλῳ
621 1438 795 1489 δι’θροον
827 1436 958 1478 αὐλὸν
989 1437 1229 1487 «indonata,
1261 1438 1465 1489 βουκόλος
1496 1438 1656 1490 αὐχένα

119 1508 292 1557 δοῦλον,
325 1510 445 1561 γαίης
475 1509 598 1559 δι’ψια
635 1510 743 1547 νῶτα
781 1509 1014 1561 μετέρχεο,
1057 1510 1210 1561 μητέρι
1253 1507 1475 1562 βόστρυχα
1518 1509 1656 1548 ταῦτα

117 1580 366 1628 κομίσσατε,
401 1578 572 1631 αἰθέρος
612 1575 731 1619 ἔντεα
762 1580 891 1632 &linet
934 1581 1140 1619 insuavem
1181 1580 1276 1620 facit
1307 1580 1386 1620 hoc
1432 1580 1523 1620 loco
1555 1592 1654 1620 cae-

117 1661 265 1700 suram,
299 1662 401 1701 quae
430 1662 503 1702 per
534 1662 579 1689 sc
611 1662 691 1690 non
723 1651 825 1689 mala
856 1655 930 1701 est,
965 1656 1004 1689 ct
1034 1653 1241 1690 insuavem
1274 1653 1436 1691 auribus
1466 1652 1655 1691 Callima-

123 1720 211 1771 chi,
244 1733 325 1760 non
359 1726 609 1761 caeterorum
641 1726 849 1773 poetarum
880 1723 1078 1771 omnium,
1119 1723 1206 1772 illa,
1239 1735 1319 1762 non
1357 1725 1493 1776 gravis
1524 1735 1655 1775 neque

117 1794 336 1843 conspicua
367 1793 493 1833 oculis
523 1794 562 1833 in
593 1798 730 1833 vetere
766 1793 961 1845 scriptura
982 1824 993 1840 ,
1024 1794 1096 1833 sed
1130 1806 1234 1845 quae
1276 1799 1408 1834 tamen
1450 1795 1655 1847 percipie-

116 1865 233 1904 batur
267 1865 455 1916 auribus,
499 1871 539 1905 ut
576 1868 725 1907 nostris
761 1879 868 1907 nunc
899 1866 1061 1907 auribus
1093 1868 1331 1918 percipitur,
1364 1867 1649 1919 interpunctio.

115 1936 310 1975 Iudicium
344 1937 449 1976 facio
474 1949 525 1976 ex
553 1937 614 1977 his
646 1951 748 1990 qnae
779 1945 991 1990 supersunt
1012 1939 1239 1977 Callimachi
1273 1940 1471 1991 reliquiis:
1507 1941 1652 1978 frustra

116 2008 222 2047 enim
254 2008 371 2059 foret,
405 2013 447 2048 ut
474 2013 584 2060 puto,
614 2012 648 2048 si
680 2011 767 2061 quis
797 2010 983 2060 Hecales,
1016 2015 1053 2048 ut
1086 2010 1296 2062 longioris,
1329 2011 1432 2061 epici
1463 2011 1650 2050 carminis

115 2080 310 2119 maiorem
345 2080 470 2119 fuisse
503 2081 704 2120 licentiam
738 2083 956 2130 metricam,
989 2094 1103 2134 quam
1129 2083 1384 2133 Hymnorum,
1415 2083 1649 2122 coniiceret.

114 2150 255 2190 Habeo
278 2151 481 2203 Apollonii
512 2164 670 2191 versum
703 2154 780 2203 isti,
812 2165 926 2205 quem
950 2154 1207 2193 Buttmannus
1239 2154 1344 2204 lecit,
1377 2165 1511 2204 parem
1533 2156 1650 2203 atque

114 2224 329 2275 geminum,
361 2223 405 2262 ΙΙ.
428 2224 547 2263 1180.
583 2221 767 2276 λήθομεν
798 2222 991 2277 {uaedam
1024 2225 1066 2264 οἵ
1091 2240 1133 2264 τε
1155 2226 1351 2271 θεουὸέες
1374 2223 1446 2275 ἠδὲ
1479 2222 1648 2263 δίκαιοι.

114 2295 166 2334 At
199 2294 429 2334 Callimachi
458 2298 496 2335 in
521 2297 603 2335 suis
631 2298 766 2348 parvis
800 2297 1042 2335 carminibus
1076 2297 1204 2335 maior
1235 2297 1353 2334 etiam
1386 2307 1500 2346 quam
1521 2296 1651 2346 Apol-

112 2366 207 2405 lonii
242 2366 448 2419 diligentia
487 2368 570 2406 suit.
629 2368 744 2419 Apud
780 2380 897 2420 quem
937 2380 1039 2420 quae
1073 2368 1216 2407 similia
1251 2371 1429 2415 exstant,
1463 2366 1540 2405 duo
1583 2366 1645 2406 vel

113 2438 210 2485 tria,
243 2437 319 2476 nisi
350 2438 426 2477 alia
458 2449 521 2476 me
550 2439 853 2490 praeterierint,
887 2451 968 2478 non
1000 2444 1089 2478 sunt
1121 2439 1168 2478 ab
1201 2440 1308 2477 omni
1338 2442 1450 2489 parte
1482 2437 1647 2476 similia:

114 2508 152 2546 h.
189 2508 270 2548 Iov.
300 2510 365 2548 44.
399 2509 568 2549 τουτάκι
598 2525 655 2549 τοι
691 2510 803 2559 πέσε,
837 2510 1003 2560 δἀᾷιιον,
1036 2511 1104 2548 α“η’
1140 2507 1346 2562 ὀμφαλός.
1388 2508 1564 2560 Epigt·.l.
1585 2510 1656 2547 ll„

113 2580 148 2618 si
187 2581 237 2618 sit
268 2580 497 2620 Callimachi
543 2582 809 2633 epigramma:
861 2580 1004 2620 κείνων
1043 2579 1190 2632 ἔρχεο,
1223 2582 1350 2633 φησί,
1382 2581 1471 2629 μετ’
1511 2576 1645 2630 ἴχνια.

115 2648 186 2689 Ubi
224 2649 314 2689 dum
344 2652 578 2703 imperfecta
622 2652 755 2691 verbis
790 2652 962 2691 τουτάκι
1005 2666 1065 2691 τοι
1107 2654 1205 2691 πέσε
1252 2655 1291 2690 et
1335 2653 1480 2690 κείνων
1523 2647 1646 2701 ἔρχεο

113 2722 311 2760 sententia
342 2722 504 2762 ulterius
539 2735 756 2775 properare
788 2735 913 2774 usque
945 2723 995 2762 ad
1034 2723 1218 2762 usitatam
1251 2723 1425 2774 quietem
1465 2720 1504 2759 in
1538 2719 1642 2771 pede

114 2798 255 2845 quarto
287 2805 427 2833 vocem
460 2795 595 2843 iubet,
631 2794 826 2834 delitescit
859 2794 999 2833 debilis
1032 2798 1122 2845 post
1161 2796 1285 2844 πέσε,
1328 2796 1366 2830 et
1396 2794 1489 2841 post
1519 2787 1643 2842 ἔρχεο
