1856 3126
815 149 1012 188 —230
1075 169 1117 176 -

202 268 346 322 gimus.
407 267 653 318 Quamquam
682 265 760 306 hoc
791 266 950 319 quidem
983 267 1102 306 etiam
1133 266 1200 307 alii
1231 266 1280 306 dc
1310 265 1386 305 hac
1409 264 1527 305 docta
1551 265 1737 318 prosapia

204 344 349 393 poetae
381 343 642 390 usurparunt,
680 342 721 378 ut
759 338 963 378 Nicander
1004 338 1289 378 Theriacorum
1332 349 1455 377 versu
1498 347 1580 388 eo,
1621 348 1738 388 quem

205 411 370 464 apponit.
399 410 677 463 Etymologus,
710 414 749 449 et
778 409 885 450 alibi.
949 409 1028 451 Sed
1059 409 1192 462 placet
1222 410 1262 449 in
1296 421 1416 450 unum
1449 408 1642 461 colligere
1674 414 1740 449 te·-

203 484 404 523 stimonia.
464 481 587 535 Igitur
629 482 818 534 ιίμορβοί
850 481 1000 522 Callim.
1041 481 1079 521 h.
1126 483 1241 523 Dian.
1275 481 1342 522 45.
1392 482 1545 535 Fragm.
1574 481 1740 521 XLVI-⁷2

202 555 370 597 Nicand.
402 555 518 595 Ther.
551 553 619 595 49.
651 554 845 608 Cyneget.
875 555 902 594 Ι.
939 556 1029 598 132.
1089 555 1298 609 clicofflrjsg
1330 554 1523 606 Cyneget.
1557 553 1738 594 111.295.

204 626 448 679 (ἰμορβάδες
472 627 599 679 Apoll.
634 625 761 666 RllOd.
793 626 854 666 ΙΙΙ,
879 627 973 667 381.
1036 627 1320 679 (α’μορβαιόυς
1346 626 1513 668 Νἱοὶἱῐιᾶ.
1533 625 1649 666 Ther.
1671 626 1737 666 28.

203 699 323 749 489.)
384 697 676 751 α’μορβεύοντο
706 699 812 739 idem
833 699 949 739 Ther.
968 698 1063 740 349.
1123 698 1434 751 (ἰμορβειῖουσιν
1453 698 1557 738 idem
1580 698 1736 750 Fragm.

204 772 365 812 XXXV.
480 772 625 812 Verum
661 771 767 824 quod
801 771 966 811 alterum
1009 771 1151 812 scribit
1190 770 1478 811 Blomlieldius:
1518 769 1628 810 Nihil
1665 769 1739 810 dec-

205 844 312 884 bium
346 845 442 896 quin
470 857 523 884 ecc
552 844 791 885 Callimachi
819 844 969 885 Hecale
997 845 1062 896 sit,
1088 846 1229 885 nescio
1260 849 1388 884 utrum
1417 843 1629 883 recondito
1660 842 1739 882 ali-

207 930 284 971 quo
315 917 490 971 mihique
519 918 806 958 inobservabili
828 923 1064 970 argumento
1086 930 1135 957 an
1159 917 1265 957 nullo
1288 916 1449 956 scribat.
1505 915 1552 956 Et
1574 916 1736 955 omnino

205 985 225 1030 ὁ
253 988 481 1042 Πελαργύς
514 986 689 1042 α’λήτης,
725 994 766 1028 ut
797 993 909 1027 reete
953 988 1115 1027 dedisse
1143 987 1428 1027 Blomfieldium
1468 999 1541 1039 pro
1570 987 1739 1039 Etymo-

205 1062 289 1114 logi
328 1062 524 1113 scriptura
557 1059 725 1114 α’λοίτης
757 1060 958 1111 arbitror,
992 1061 1080 1112 quis
1111 1060 1204 1100 est?
1261 1059 1446 1112 Populum
1477 1060 1740 1099 recordamur

205 1132 439 1186 πλανήτην,
476 1131 539 1171 vel
575 1136 766 1185 gentem,
800 1132 1030 1185 Tyrrhenos
1061 1132 1279 1185 Pelargos,
1324 1144 1345 1171 e
1379 1132 1643 1184 scriptoribus
1677 1135 1740 1184 iis,

207 1216 308 1257 quos
338 1204 387 1245 ad
416 1204 573 1257 Fragm.
608 1203 882 1245 CCLXXXlll.
918 1205 1106 1245 indicavi.
1165 1204 1228 1245 An
1265 1215 1312 1242 ea
1345 1202 1429 1255 ipsa
1465 1214 1569 1255 gens
1608 1204 1740 1256 signi-

204 1276 345 1315 ficatur
372 1276 507 1316 verbis
539 1274 558 1315 ὁ
593 1274 815 1329 Πελαργός
851 1276 1017 1330 ἀλήτης,
1048 1281 1088 1316 ut
1111 1277 1160 1315 sit
1184 1275 1448 1326 collectivum,
1475 1287 1548 1328 pro
1570 1276 1741 1328 plurali?

206 1348 254 1388 Ut
282 1349 442 1398 Nonno,
473 1349 537 1400 qui
570 1348 730 1388 multum
762 1348 986 1388 delectatur
1017 1349 1142 1388 verbo
1162 1346 1326 1401 ἀλήτης,
1357 1347 1458 1387 Xlll.
1480 1347 1575 1388 287.
1607 1346 1741 1396 λαὸς-

203 1417 504 1472 βαλαιήφιίγος
534 1417 694 1471 Ἀρκάς
725 1414 882 1472 ἀλήτης
913 1419 1069 1471 (licitur,
1103 1424 1142 1459 et
1172 1420 1355 1459 simililer
1371 1420 1485 1460 XLV.
1506 1420 1595 1460 114.
1625 1422 1737 1473 Τυρ-

205 1489 330 1545 σηνὸς
361 1488 529 1544 ἁλήιιης.
588 1492 850 1532 Periclitabor
881 1492 1043 1545 aliquid,
1076 1493 1149 1533 sed
1183 1493 1304 1545 longe
1339 1493 1669 1542 incertissimum,
1700 1497 1739 1532 et

205 1563 247 1602 in
277 1573 354 1614 quo
380 1574 479 1615 opus
511 1564 609 1615 erit,
640 1567 706 1615 ut,
740 1565 852 1604 cuius
885 1565 944 1604 rei
975 1565 1120 1605 nullum
1150 1577 1315 1616 usquam
1349 1566 1560 1619 vestigium
1595 1570 1738 1616 exstat,

205 1646 287 1675 non
317 1640 449 1675 natam
494 1635 534 1674 in
568 1637 698 1678 Attica
740 1649 833 1677 esse
865 1637 1070 1687 Hecalen,
1112 1636 1183 1677 sed
1234 1636 1530 1689 immigravisse
1579 1637 1739 1677 aliunde

207 1709 419 1748 coniiciaS.
477 1709 525 1748 Ut
554 1708 704 1748 Hecale
735 1710 856 1761 dicat,
888 1714 1040 1762 tempus
1060 1708 1293 1770 significans
1325 1709 1519 1748 adventus
1549 1709 1630 1749 sui:
1660 1708 1740 1751 σὺν

205 1781 246 1819 δ’
276 1778 374 1832 ἡμῖν
403 1776 423 1819 ὅ
454 1779 677 1834 Πελαργὸς
707 1780 1017 1833 α’μορβειῖεσκεν
1048 1779 1216 1835 α’λήτης.
1275 1783 1326 1821 At
1358 1781 1485 1834 magis
1516 1793 1618 1821 unus
1647 1782 1740 1833 qui-

209 1851 297 1892 dam
328 1853 389 1892 vir
417 1852 575 1892 videtur
605 1865 698 1892 esse
729 1851 748 1892 ὁ
789 1852 1014 1906 Πελαργός
1043 1852 1207 1907 ἀλήτης.
1270 1854 1434 1901 Qualem
1455 1856 1521 1894 vix
1541 1855 1738 1903 invenias,

209 1936 377 1977 quocum
409 1925 555 1977 aliquid
588 1925 761 1966 Hecalae
794 1938 1005 1967 commune
1036 1926 1169 1966 suerit.
1227 1926 1364 1978 Neque
1395 1926 1598 1977 Theseus,
1632 1926 1739 1978 quod

209 1998 347 2048 sciam,
378 2010 427 2037 eo
460 1999 500 2037 in
531 1999 700 2051 itinere,
733 1999 782 2039 de
812 2011 889 2051 quo
921 2000 1115 2051 agebatur
1146 2001 1184 2038 in
1216 1998 1395 2048 Hecale,
1428 1999 1546 2038 ullum
1581 2003 1647 2038 aut
1674 1997 1740 2038 la-

212 2070 352 2109 borum
386 2072 566 2121 socium,
599 2077 666 2112 aut
695 2074 879 2113 comitem
912 2072 1088 2121 itineris,
1118 2070 1272 2122 qualem
1305 2071 1397 2109 alibi
1430 2071 1669 2120 Pirithoum,
1700 2074 1740 2110 et

211 2143 349 2194 quales
381 2144 574 2183 Hercules
617 2144 789 2194 lolaum,
823 2144 1105 2192 Telamonem,
1136 2144 1261 2195 ipsum
1295 2143 1489 2183 Theseum
1521 2142 1738 2192 (Plutarch.

210 2215 325 2255 Thes.
359 2216 427 2255 26.
464 2216 553 2256 coll.
587 2217 698 2267 290,
719 2210 968 2269 Ἀρκάδας,
999 2214 1146 2255 habuit.
1205 2215 1254 2255 Et
1285 2220 1414 2255 tamen
1449 2219 1584 2255 notum
1615 2227 1740 2267 quen-

214 2287 302 2327 dam
335 2288 535 2328 hominem
583 2290 708 2329 fuisse
747 2289 919 2339 dixeris,
953 2288 1002 2328 de
1048 2301 1125 2340 quo
1160 2292 1278 2340 poeta
1320 2288 1371 2327 ita
1415 2287 1671 2340 simpliciter:
1717 2282 1739 2325 ὅ

212 2357 438 2412 Πελαργὸς
469 2360 636 2415 ἀλήτης.
698 2361 837 2401 Obiter
866 2373 1013 2401 moneo
1047 2362 1190 2401 frustra
1235 2361 1403 2400 l'uturum
1437 2372 1556 2410 esse,
1585 2361 1619 2401 si
1655 2358 1743 2412 quis

215 2446 265 2472 ex
303 2433 403 2473 locis
445 2435 666 2474 eiusmodi:
707 2435 854 2475 τοῦτον
894 2435 1051 2482 (Sininz
1095 2433 1227 2474 Schol.
1268 2432 1402 2485 Eurip.
1436 2431 1740 2484 1110001974.)

215 2501 444 2558 ἑᾳόκευσεν
475 2505 494 2545 ὁ
531 2504 697 2560 Θησεύς
727 2505 868 2555 fuitne,
903 2504 1080 2556 colligat,
1112 2505 1149 2543 in
1172 2503 1258 2542 allis
1280 2502 1527 2542 facinoribus
1546 2502 1740 2541 Theseum

215 2577 386 2617 adiutum
417 2579 466 2618 ab
498 2579 629 2631 aliquo
673 2578 787 2617 socio
826 2578 964 2616 fuisse.
1024 2576 1211 2616 Additum
1251 2572 1378 2626 μόνος
1417 2574 1626 2628 augendae
1665 2573 1741 2612 ad-

216 2650 435 2690 mirationis
468 2664 624 2691 caussa.
687 2651 874 2692 Similiter
902 2651 1101 2690 Isocrates
1136 2650 1300 2689 Encom.
1338 2648 1422 2688 llcl.
1454 2661 1491 2700 p.
1522 2647 1613 2688 236.
1646 2650 1741 2685 tau-

214 2733 316 2769 rum,
348 2720 392 2761 ὃν
424 2718 575 2771 πάντες
607 2723 681 2763 οὔκ
711 2721 900 2775 ἐτόλμων
928 2722 1162 2773 ὑπομένειν,
1192 2721 1320 2774 μόνος
1337 2718 1648 2774 χειρωσάμενος
1664 2723 1740 2759 etc.

327 2793 502 2836 inseram
538 2797 667 2836 obiter
710 2809 821 2836 meas
870 2795 1060 2849 quasdam
1101 2796 1335 2843 subitarias,
1367 2793 1404 2832 h.
1438 2804 1476 2831 e.
1514 2795 1627 2830 natas
1665 2791 1742 2831 ali-

217 2864 400 2917 quando,
437 2870 477 2904 et
507 2867 705 2917 sepositas
735 2879 852 2919 quum
884 2868 950 2907 vix
982 2870 1100 2905 natac
1132 2864 1322 2916 fuissent,
1363 2864 1413 2903 de
1443 2863 1545 2904 locis
1576 2863 1625 2904 ad
1658 2863 1744 2904 He·-
