1856 3126
774 106 1077 142 —106—

172 223 494 277 significatione,
526 233 601 273 qua
643 221 735 260 alibi
767 221 988 273 περιηγής,
1027 221 1237 273 placuisse.
1297 221 1425 260 Alium
1466 219 1694 270 dorismum,

171 296 243 335 sed
275 308 360 334 cum
391 293 518 345 magis
550 297 715 342 certum,
745 303 839 331 mox
871 291 1106 340 videbimus,
1139 290 1326 331 flamina
1356 303 1427 343 pro
1459 291 1692 342 «laxu'mov,

171 367 265 417 Cap.
297 366 340 405 V.
402 366 458 405 Cf.
495 369 534 403 et
561 364 785 418 βωνίτῃσιν
814 363 904 403 eod.
936 364 1027 416 Cap.
1048 365 1092 404 V.
1149 363 1211 404 Ad
1241 364 1572 416 significationem
1604 367 1693 414 apte

171 437 343 487 Toupius
376 436 616 476 Callimacho
648 437 836 487 scriptum
868 435 906 475 h.
940 436 977 474 in
1009 436 1094 475 Del.
1130 436 1220 475 198.
1250 436 1426 475 confert:
1464 433 1694 480 Κυκλάδας

171 504 359 558 ὀψομένη
394 493 637 558 περιηγὲας,
679 506 876 557 Cycladas
917 506 1064 544 visura
1096 506 1450 556 circumiacemes‚
1483 505 1569 554 vcl,
1605 517 1692 544 cum

169 577 298 626 Mela,
328 579 369 615 m
399 575 532 615 orbem
562 576 765 625 iacentes,
796 581 837 615 ut
872 577 955 627 ipse
986 576 1116 615 vertit.
1176 575 1324 615 Eadem
1356 577 1407 616 ibi
1440 577 1622 615 Ernesti«)
1653 577 1692 614 in

174 653 344 687 mentem
374 652 540 687 venerat
568 648 796 699 explicatio,
833 659 911 686 non
945 652 982 687 ut
1016 648 1065 686 sit
1097 648 1146 686 de
1178 647 1315 687 insulis
1348 648 1515 700 singulis
1547 647 1694 686 intelli-

170 720 360 773 gendum,
395 720 588 770 Cyclades
619 719 826 767 rotundae,
856 718 927 757 sed
952 719 1000 757 de
1029 719 1227 757 universis
1258 729 1360 768 quae
1389 717 1538 756 κύκλον
1567 728 1692 766 quen-

170 792 262 831 dam
293 792 479 843 efficiunt,
512 792 579 842 qui
610 795 668 830 est
699 790 913 843 περιηγής.
974 789 1079 829 unde
1114 794 1151 828 et
1182 801 1326 828 nomen
1359 789 1585 840 Cycladum.
1627 788 1692 826 Sic

173 865 213 903 in
247 863 522 903 Eratosthenis
554 862 776 914 fragmento
810 875 860 901 ex
896 859 1034 914 ‘Epgaefi
1064 860 1287 900 Heraclidis
1333 865 1372 899 ct
1414 860 1544 900 Schol.
1579 860 1691 898 llom.

171 936 312 974 Veneti
358 935 592 985 scripturam
637 935 767 982 ζῶναι
817 935 1031 986 περιηγέες
1083 932 1357 983 accipiendam
1405 944 1496 970 esse
1543 932 1695 970 monuit

169 1005 404 1057 Bernhardy
433 1004 683 1044 Eratosthcn.
718 1017 754 1055 p.
784 1004 873 1042 145.
934 1004 991 1042 Cf.
1026 1003 1260 1054 Apollonius
1293 1002 1354 1041 Ill.
1389 1003 1482 1041 135,
1517 1007 1556 1040 et
1590 1013 1694 1040 ean-

175 1078 264 1117 dem
299 1079 336 1116 in
371 1077 607 1116 sententiam
641 1072 939 1123 accipiendum,
982 1077 1022 1111 ut
1054 1084 1120 1110 res
1150 1072 1317 1122 suadet,
1350 1075 1562 1125 περιηγέες
1592 1071 1696 1123 apud

173 1150 335 1188 Aratum
371 1146 515 1186 Phaen.
544 1146 638 1185 401.
700 1144 842 1183 Multus
872 1147 933 1182 est
964 1143 1150 1183 vocabuli
1182 1143 1296 1182 huius
1326 1154 1421 1182 usus
1452 1143 1552 1194 apud
1575 1143 1697 1182 Calli-

173 1219 371 1270 machum‚
403 1218 669 1270 Apollonium,
698 1220 737 1255 et
765 1215 828 1267 qui
857 1213 931 1254 hos
955 1215 1133 1265 sequuti:
1161 1213 1389 1266 plerumque
1416 1218 1457 1254 ut
1485 1214 1696 1253 rotundum

175 1290 371 1342 significet
403 1289 575 1338 (Gallim.
607 1288 644 1328 h.
674 1288 803 1340 Apoll.
838 1286 941 1336 590,
970 1286 1041 1325 sed
1076 1291 1206 1325 tamen
1235 1290 1277 1326 ut
1303 1298 1420 1325 unum
1451 1285 1695 1338 alterumque

177 1361 399 1413 exemplum
450 1362 500 1401 ad
545 1361 648 1400 illam
695 1360 803 1411 prius
850 1358 1083 1410 explicatam
1139 1358 1469 1409 significationem
1513 1357 1693 1397 accedat.

176 1433 304 1472 Veluti
347 1445 463 1484 quum
510 1429 634 1483 α’κτήν
673 1430 907 1482 Apollonius
937 1431 963 1469 l.
995 1430 1086 1471 559.
1127 1430 1171 1468 11.
1205 1426 1298 1468 994.
1344 1430 1541 1480 περιηγέα
1588 1429 1696 1478 dicit,

176 1508 386 1544 curvatum
418 1506 459 1543 in
492 1502 783 1544 orbem,le·ttus.
842 1501 891 1540 Et
924 1500 1125 1552 Oppianus
1158 1499 1323 1539 Halieut.
1359 1499 1385 1539 1.
1417 1499 1509 1538 216.
1540 1499 1582 1538 ll.
1600 1499 1694 1538 375.

175 1577 238 1616 111.
271 1577 338 1616 81.
371 1575 433 1614 IV.
463 1575 554 1613 951.
585 1573 680 1612 379.
740 1572 934 1624 περιαγὲς
968 1571 1006 1609 in
1037 1571 1177 1610 dorico
1210 1571 1492 1623 epigrammate
1520 1570 1694 1610 XXVIII.

177 1647 318 1700 (Anth.
350 1647 469 1686 Palat.
491 1645 518 1685 Ι.
545 1657 582 1696 p.
605 1644 720 1692 250.)
750 1642 950 1681 Leonidas
970 1642 1218 1681 Tarentinus.
1278 1642 1441 1694 Propter
1468 1643 1585 1681 τοῦτο
1614 1638 1695 1693 γάρ

179 1716 312 1768 αὕτῆν
341 1742 393 1747 -
423 1715 570 1755 κάλεον
597 1714 866 1766 Euphorionis
893 1713 1016 1752 verba
1051 1713 1244 1766 adscripsi
1272 1713 1333 1753 Fr.
1371 1713 1503 1754 XLlX.
1536 1713 1580 1753 td
1614 1711 1694 1765 γὰρ

176 1790 404 1828 καλέσαντο
434 1788 585 1838 νομῆες
631 1786 715 1834 (vel
745 1786 967 1837 βοτῆρες),
1006 1780 1089 1824 ὅττι
1122 1784 1178 1837 ῥα
1209 1790 1285 1825 etc.
1327 1785 1491 1838 Oppian.
1522 1784 1567 1823 V.
1599 1783 1694 1824 475.

173 1857 287 1898 κάλει
321 1858 366 1898 ὁὲ
396 1873 468 1910 μιν
511 1852 654 1908 οὔνομ’
688 1853 825 1904 α’ΰσας
854 1861 983 1905 κεῖνο,
1020 1854 1066 1895 τό
1110 1871 1183 1906 μιν
1215 1856 1394 1909 φημιξεν
1431 1855 1491 1897 ἔτι
1529 1856 1697 1910 πρώτης

175 1927 257 1968 dno
288 1927 459 1982 φύτλης.
519 1927 598 1968 Sed
628 1927 719 1966 talia
752 1927 868 1966 multa
900 1927 1016 1966 facile
1049 1929 1213 1979 quisque
1247 1928 1428 1967 cumulet.

285 2001 395 2040 Haec
426 2004 505 2039 tum
537 1999 788 2050 scripseram.
858 1998 970 2038 Nunc
1001 2003 1209 2049 utrumque
1254 2012 1398 2051 respuo
1417 2030 1427 2048 ‚
1466 1999 1696 2049 περιηγέες,

179 2075 218 2110 et
248 2072 476 2124 περιηγέες.
534 2071 632 2110 Nam
665 2071 820 2122 primo,
852 2071 885 2109 si
914 2072 1123 2122 περιηγέες
1159 2072 1298 2110 suisset
1330 2083 1350 2110 a
1388 2081 1505 2110 manu
1535 2073 1695 2121 poetae,

178 2154 255 2193 quo
277 2142 396 2182 modo
420 2142 458 2181 id
489 2143 528 2181 in
559 2141 724 2181 sormam
746 2141 887 2180 abierit
910 2140 1102 2190 doricam,
1130 2143 1366 2192 περιαγὲες,
1392 2154 1472 2181 non
1503 2143 1599 2180 satis
1629 2141 1696 2179 in-

176 2213 375 2266 telligitur.
435 2214 606 2261 Deinde,
638 2213 742 2265 quod
771 2214 948 2265 graviuS‚
984 2213 1016 2252 si
1048 2212 1151 2252 bene
1188 2213 1330 2253 dicitur
1362 2210 1591 2259 Κυκλάδας
1622 2227 1697 2251 πε-
1746 2265 1755 2268 -

177 2287 369 2338 ριηγέας,
401 2287 529 2334 ζῶναι
558 2287 795 2338 περιηγέες,
829 2289 871 2323 ut
899 2284 1042 2323 dicitur
1074 2284 1203 2333 bene,
1244 2297 1293 2325 eo
1334 2296 1454 2324 sensu
1499 2295 1612 2335 quem
1644 2282 1698 2322 ibi

176 2357 368 2408 explicui:
402 2369 482 2396 non
527 2369 653 2409 aeque
685 2357 788 2396 beno
819 2358 1009 2407 κωμῆται
1039 2358 1267 2409 περιηγέες.
1339 2356 1380 2395 ld
1425 2356 1576 2403 sensit,
1618 2365 1696 2406 quo

179 2433 239 2467 cst
267 2441 387 2469 sensu
417 2430 669 2477 acutissimo,
705 2441 846 2479 meque
877 2439 948 2479 per
977 2428 1125 2466 litteras
1157 2428 1291 2468 docuit
1321 2428 1581 2467 llermannus.
1651 2426 1698 2465 Et

180 2502 324 2550 statim,
355 2513 455 2552 quae
488 2505 548 2539 est
575 2499 752 2539 eiusdem
784 2500 856 2538 viri
886 2499 1101 2541 dexteritas
1128 2504 1165 2538 et
1196 2502 1412 2552 sagacitas,
1443 2498 1698 2538 emendatio-

184 2583 273 2610 nem
309 2577 384 2610 tam
412 2573 661 2625 commodam
693 2570 742 2611 ad
773 2571 903 2610 locum
934 2577 1297 2623 quam'congruam
1328 2583 1414 2610 cum
1445 2580 1555 2610 more
1576 2567 1696 2608 Calli-

185 2644 314 2683 machi
342 2644 512 2689 invenit:

1007 2714 1128 2753 τοῦτο
1157 2730 1236 2766 γαρ
1269 2711 1401 2765 αὕτὴν

449 2789 638 2839 κωμῆται
669 2785 812 2826 κάλεον
846 2787 963 2835 πέρι
1006 2783 1171 2835 ἆγέες.
