1856 3126
790 121 1096 159 —221—

176 244 217 280 et
249 239 461 291 aliquoties
486 239 643 282 jteratis
678 239 814 280 Lenzii
846 251 893 280 ae
925 238 1124 280 Siebelisii
1153 237 1202 278 ad
1233 237 1457 289 Scriptores
1491 235 1707 287 :qvo-(dm,

180 311 253 351 sed
284 312 449 364 amplius
469 311 705 351 morandum
736 317 821 352 est:
852 312 971 352 audio
1002 312 1106 350 enim
1129 314 1382 362 quaerentes,
1411 308 1502 360 quid
1525 319 1710 347 eommo-

176 396 275 424 vere
307 385 486 425 Natalem
518 386 718 436 poluerit,
749 390 789 425 ut
819 398 870 424 ex
901 376 1064 436 ingeni‘o
1100 383 1193 423 illud
1232 381 1411 434 pusillum
1455 380 1710 420 additamen-

178 461 257 496 tum
293 457 678 505 connniniseeretur,
709 457 748 495 in
768 456 931 497 Hecale.
992 455 1114 507 igitur
1143 454 1291 494 Natalis
1320 465 1401 492 non
1431 451 1572 500 solum,
1603 449 1711 503 quod

177 532 313 568 notum
359 526 566 566 artificium
613 527 726 577 eiuS,
769 532 906 566 tacere
948 531 1066 578 atque
1107 525 1387 575 abscondere,
1430 536 1506 575 quo
1549 524 1711 563 divitior

177 600 383 648 videatur,
414 599 543 638 sontes
578 599 803 638 divitiarum
835 610 992 638 suarum
1023 597 1152 648 solet,
1180 602 1223 636 ut
1248 596 1550 636 Menaechmum
1578 594 1711 635 laudat

175 672 434 724 simpliciter,
470 672 538 711 ubi
584 671 808 711 laudandus
844 675 932 710 erat
964 669 1247 708 Menaechnms
1293 668 1404 718 apud
1446 667 1578 707 Sclzol.
1609 666 1710 707 Pm-

175 744 289 790 dart'3
324 744 552 796 lecolytum
573 744 894 795 illetleymnaemn
921 744 961 780 in
982 741 1196 781 Bacchicis
1225 740 1432 780 carminib.
1456 740 1522 779 ubi
1551 739 1712 779 adden-

175 816 267 856 dum
302 821 389 856 erat
421 816 533 866 apud
567 815 838 854 Athenaemn:
878 815 951 853 sed
993 815 1111 853 etiam
1154 824 1292 853 amore
1323 812 1499 860 fraudis,
1533 824 1613 851 non
1645 812 1711 851 in-

175 888 311 929 audito
348 892 478 928 aetate
519 887 584 927 illa
615 891 653 926 et
687 887 724 925 in
771 886 838 925 illo
871 886 1074 925 hominum
1104 896 1280 937 genere,
1321 884 1383 922 vet
1424 884 1564 922 nescio
1598 883 1710 922 euius

173 962 331 1015 gloriae
362 960 592 1012 cupiditate,
623 970 769 1011 magna
798 958 975 1007 nomina,
1008 962 1047 997 et
1078 969 1179 1009 quae
1210 956 1340 996 l'allaei
1374 956 1582 995 doctrinae
1613 968 1710 1007 spe-

176 1034 239 1073 eie
273 1033 499 1073 delenirent
530 1033 690 1072 animos
719 1031 950 1084 legentium,
980 1029 1205 1069 ementitur.
1261 1029 1453 1081 Exempla
1483 1041 1562 1068 non
1593 1029 1710 1069 multa

177 1106 383 1157 annotavi,
417 1104 488 1145 sed
520 1105 682 1144 idonea.
745 1105 832 1152 Quo
864 1103 968 1141 enim
1003 1101 1079 1141 alio
1110 1102 1271 1140 nomine
1297 1101 1423 1151 dieas,
1454 1114 1572 1154 quam
1594 1114 1712 1141 men-

177 1178 347 1228 dacium,
373 1191 488 1230 quum
521 1178 566 1217 lI.
597 1177 635 1217 6.
669 1190 706 1229 p.
727 1177 790 1217 99.
821 1175 1144 1215 Her-messanam·
1172 1175 1305 1214 tribuit
1327 1187 1482 1224 versus,
1513 1176 1577 1227 qui
1606 1187 1712 1215 nuno

177 1250 280 1302 apud
314 1250 560 1290 Lobectzium
592 1249 791 1303 Aglaopll.
828 1249 854 1287 Ι.
883 1261 919 1300 p.
953 1247 1046 1288 465.
1077 1247 1292 1299 leguntur?
1348 1248 1401 1287 At
1429 1248 1607 1287 Natalem
1633 1249 1711 1287 mi-

177 1324 289 1363 rifice
322 1323 592 1362 delectarunt:
638 1321 777 1372 Neque
804 1320 936 1359 miuus
974 1320 1194 1358 luculenter
1229 1330 1329 1358 sane
1373 1319 1448 1358 hoo
1490 1319 1713 1370 eaepta'ccwic

175 1396 423 1445 praeclarus
468 1395 533 1434 ille
578 1399 616 1434 et
657 1394 801 1433 suavis
840 1398 965 1444 poeta
996 1391 1323 1441 Hermesicmaas,
1353 1391 1421 1429 ubi
1458 1391 1515 1430 ita
1543 1391 1711 1430 cecinit:

181 1465 405 1517 Πλούτων,
436 1463 693 1521 περσεφόνη,
725 1470 802 1506 eto.
846 1464 1054 1504 Aretadae
1073 1463 1204 1503 Cnidia·
1233 1463 1377 1503 nullam
1403 1475 1495 1503 esse
1527 1475 1576 1503 eo
1600 1463 1711 1512 loco,

177 1550 293 1590 quem
322 1539 472 1579 Natalis
501 1538 562 1578 111.
598 1540 634 1578 1.
668 1538 831 1590 p..125.
859 1537 1008 1585 laudat,
1039 1537 1295 1586 mentionem,
1326 1536 1402 1575 iam
1436 1537 1585 1575 monuit
1617 1535 1713 1588 Syl-

181 1612 371 1664 burgius:
416 1624 452 1650 v.
493 1610 625 1652 Scliol.
660 1611 862 1663 Apollonii
893 1610 939 1650 ll.
973 1610 1066 1650 720.
1138 1609 1444 1649 Mendaciumne
1486 1609 1615 1648 dicam
1660 1621 1710 1648 an

177 1683 497 1736 inexplicabilem
546 1695 724 1722 errorem
770 1684 959 1736 ambigo,
1001 1683 1107 1734 quod
1140 1682 1203 1722 IV.
1243 1682 1305 1721 10.
1338 1694 1374 1733 p.
1410 1681 1502 1721 237.
1542 1682 1710 1733 primum

177 1760 290 1796 recte
322 1756 511 1796 nonnulla
553 1768 603 1794 ex
634 1755 796 1795 Homeri
840 1754 988 1807 hymno
1030 1756 1070 1794 in
1102 1754 1327 1806 Apollinem
1361 1753 1594 1803 laudantur,
1631 1759 1709 1794 tum

180 1828 309 1866 statim
342 1839 484 1867 versus
524 1828 704 1867 eiusdem
737 1827 874 1879 hymni
908 1826 1003 1866 340.
1034 1825 1130 1865 341.
1169 1825 1377 1866 Nicandro
1416 1827 1559 1865 dantur
1588 1828 1711 1866 Colo-

174 1899 338 1951 phonio.
395 1899 545 1939 Eadem
578 1899 797 1939 Demarchi
827 1910 893 1939 res
924 1903 987 1938 est
1015 1898 1060 1938 V.
1098 1898 1160 1938 13.
1193 1911 1229 1950 p.
1263 1898 1360 1938 315.
1387 1899 1452 1938 ubi
1483 1911 1598 1950 quam
1627 1899 1710 1939 Lo-

177 1971 346 2011 beckius
378 1971 480 2010 locis
513 1972 644 2024 paullo
686 1977 777 2011 ante
818 1971 923 2011 laud.
954 1971 1104 2021 Natali,
1147 1973 1211 2023 qui
1253 1976 1416 2023 propter
1459 1971 1603 2010 illatum
1635 1984 1707 2023 pro

176 2043 319 2083 Nonno
350 2043 621 2083 Demarchum
651 2055 805 2096 poenas
840 2044 880 2083 C.
913 2044 1073 2083 Barthio
1106 2045 1299 2095 (itemque
1335 2044 1379 2083 G.
1411 2044 1707 2097 Falkenburgio

176 2115 216 2155 in
249 2116 378 2155 Noun.
409 2129 449 2168 p.
485 2116 628 2164 1396.)
663 2117 855 2167 dedisset,
889 2117 1193 2155 excusationem
1228 2121 1362 2168 parat,
1391 2128 1570 2156 errorem
1602 2117 1708 2157 hunc

176 2199 295 2238 esse,
325 2200 407 2228 non
441 2188 649 2238 fraudem,
683 2188 733 2227 de
772 2200 819 2227 ea
866 2189 1129 2228 excusatione
1158 2199 1210 2227 ne
1255 2200 1361 2226 nune
1402 2188 1586 2239 quidem,
1617 2195 1709 2241 post

175 2260 356 2299 iteratam
388 2261 463 2300 viri
495 2260 748 2300 celeberrimi
780 2261 1186 2311 demonstrationem,
1221 2271 1455 2311 persuasum
1489 2261 1582 2300 milii
1615 2273 1707 2302 esse

177 2331 320 2371 fateor.
380 2333 428 2372 Ut.
457 2334 561 2372 enim
598 2333 835 2383 concedam,
868 2346 920 2373 ex
949 2335 1037 2373 solo
1068 2333 1350 2385 Etymologieo
1380 2332 1429 2371 M.
1462 2333 1498 2372 in
1525 2346 1560 2372 v.
1588 2333 1707 2374 Διώ-

175 2416 300 2449 νυσος
348 2415 419 2443 eos
467 2415 608 2443 versus
654 2405 807 2452 (Nonn.
849 2404 916 2444 IX.
966 2405 1027 2443 11.
1066 2406 1149 2454 19..)
1191 2403 1335 2444 afferre
1374 2405 1585 2455 Natalem,
1624 2418 1705 2447 non

174 2479 336 2526 praesto
367 2475 556 2515 habuisse
584 2476 781 2525 Nomium,
810 2476 1014 2527 quomodo
1045 2477 1133 2527 qui,
1167 2480 1326 2516 tacente
1358 2487 1505 2515 nomen
1538 2477 1707 2529 Etymo-

174 2548 295 2599 loge,
327 2548 475 2598 sciret,
507 2551 624 2600 atque
659 2548 748 2588 ead.
779 2561 870 2600 pag.
901 2549 998 2588 315.
1040 2549 1230 2598 dixisset,
1263 2547 1397 2587 Nonm'
1441 2561 1556 2598 esse,
1597 2554 1635 2589 et
1663 2551 1696 2585 oh

176 2618 464 2670 Dionysiacis,
495 2619 583 2659 illos
616 2631 717 2670 quos
749 2619 879 2658 statim
918 2619 1078 2659 subiicit
1118 2624 1315 2670 tamquam
1351 2620 1529 2660 ciusdem
1560 2622 1695 2672 poetae

173 2701 316 2729 versus
348 2689 610 2742 Etymologus
643 2691 794 2739 (Noun.
816 2691 884 2732 IX.
909 2691 971 2734 17.
1001 2699 1136 2744 sqq.),
1174 2693 1332 2731 nescire
1366 2695 1492 2743 potuit
1522 2689 1692 2733 eiusdem

175 2762 294 2802 etiam
322 2763 454 2803 Nonni
497 2774 590 2801 esse
631 2774 704 2802 eos
751 2763 817 2814 qui
861 2764 1142 2814 praecedunt?
1208 2765 1358 2804 Rursus
1390 2765 1434 2805 V.
1467 2767 1504 2805 6.
1529 2775 1563 2812 a·
1598 2762 1690 2802 999.

173 2836 416 2888 epigramma
440 2834 548 2888 quod
572 2834 803 2877 ἀδέσποτον
824 2836 1048 2876 invenisset
1065 2835 1202 2887 (Anat.
1217 2836 1282 2877 Br.
1303 2836 1450 2880 α’ὸέση.
1470 2832 1689 2885 (CXXX),
