1856 3126
763 132 1070 169 —180—

151 251 267 290 etiam
308 249 434 289 solum
465 249 676 302 reperitur,
719 261 796 302 quo
843 250 1064 290 Brunckius
1113 249 1233 290 modo
1281 250 1319 289 in
1364 248 1501 301 Epigr.
1536 248 1684 290 α’δεσπ.

152 321 273 360 CCLI.
318 321 500 371 volebat,
531 325 570 360 et
601 318 645 367 ὃς
673 318 775 372 γάρ,
817 324 856 359 et
885 313 927 368 ὅς
957 334 1000 360 τε
1030 345 1081 351 -
1115 316 1161 368 ὅς
1188 336 1252 372 τε,
1285 321 1350 360 laic
1379 345 1432 351 ——
1462 320 1539 371 ille,
1567 325 1607 360 et
1639 318 1687 368 ὃς

150 393 267 445 λόγος
297 393 360 433 hic
389 405 533 433 sermo.
592 393 704 432 Mitto
735 393 801 444 qui
831 403 952 444 prosa
1000 391 1183 431 oratione
1229 388 1274 438 ὅς
1304 391 1396 431 illud
1432 396 1685 443 usurparunt,

150 466 267 504 etiam
304 466 574 504 recentiores:
621 469 662 504 ut
704 465 984 504 Aristaenetus
1023 475 1074 502 ex
1115 462 1388 503 admonitione
1429 453 1709 503 Boissonadii'

149 550 186 590 p.
222 537 316 577 387.
434 534 560 589 ὀχεήε
612 537 759 576 Aratus
795 535 913 576 1096.
936 534 1074 586 (294.)
1106 539 1145 574 et
1173 535 1239 575 ubi
1271 534 1399 587 ὀχῆς,
1429 535 1523 576 956.
1547 533 1686 585 (224.)

148 610 354 651 Nicander
383 609 499 648 Ther.
538 608 628 647 139.
657 608 723 647 ubi
753 607 925 662 ὀχεῇσιν
959 607 1008 647 de
1039 606 1210 646 latibulis
1240 608 1460 660 serpentis,
1493 611 1534 647 ut
1582 607 1686 659 apud

150 681 446 722 Callimachum.
506 680 654 732 Orphei
682 680 780 732 Arg.
812 678 878 718 79.
921 679 1034 720 locus
1073 680 1229 720 dubius.
1283 682 1442 733 χεειάις
1483 679 1688 721 Nicander

147 754 263 794 Ther.
309 753 375 793 79.
422 749 538 805 χειή,
577 757 668 804 post
714 752 959 801 Homerum,
996 750 1164 804 Oppian.
1204 752 1250 791 H.
1280 752 1326 791 II.
1372 753 1464 793 291.
1493 751 1556 791 IV.
1589 751 1685 792 618.

149 827 304 879 Cyneg.
336 825 364 865 Ι.
397 825 490 864 529.
525 825 570 867 ll.
606 825 698 865 9458.
730 824 851 877 Orph.
884 824 981 863 Lith.
1031 824 1126 864 467.
1175 824 1342 864 Nonnus
1381 824 1465 864 XII.
1512 824 1606 864 327.
1646 827 1687 863 et

148 909 201 937 ex
226 895 424 949 probabili
455 894 757 944 emendatione,
807 894 930 935 XXV.
969 894 1063 934 537.
1134 894 1278 936 Nonno
1325 897 1410 936 XII.
1457 896 1551 937 327.
1597 896 1686 936 ubi:

148 971 353 1020 πετραίην
386 965 657 1018 βαθύκολπον
703 964 884 1006 ἐδύσατο
927 967 1091 1018 γείτονα
1134 965 1278 1020 χειήν,
1315 963 1438 1009 Εἷῗϊον
1475 968 1687 1021 α’θρήσας,

147 1035 244 1095 ἔφις
275 1039 430 1086 αἰόλοςε
466 1038 725 1078 Ruhnkenius
756 1049 915 1076 versum
948 1038 1207 1078 obversatum
1237 1051 1328 1080 esse
1353 1040 1582 1079 Callimachi
1610 1052 1689 1092 pu-

148 1113 269 1152 tabat.
331 1107 430 1165 ὅφιν
468 1107 608 1151 αἰόλον
645 1111 764 1150 etlam
796 1109 980 1162 Orpheus
1011 1110 1111 1150 Lith.
1156 1110 1252 1152 704.
1310 1109 1454 1163 αὐχέν’
1489 1109 1689 1164 α’νασχών

150 1184 229 1224 alio
263 1195 384 1223 sensu
415 1182 634 1235 Gregorius
668 1181 897 1234 Theologus
929 1182 1057 1222 Carm.
1092 1194 1228 1225 arcan.
1260 1182 1358 1222 VIll.
1393 1181 1459 1223 94.
1599 1183 1688 1223 De-

150 1259 271 1310 nique
315 1256 421 1308 quod
472 1256 690 1295 Pausanias
738 1255 765 1295 l.
808 1254 878 1303 44,
919 1255 958 1295 8.
1000 1259 1160 1296 narrat:
1215 1253 1288 1303 τὰς
1324 1256 1370 1295 δὲ
1397 1253 1504 1307 μετὰ
1533 1252 1690 1308 ταύτην

150 1334 326 1382 (petras)
367 1325 611 1377 νομίζουσιν
653 1328 840 1378 ἐναγεῖς,
879 1321 941 1367 ὅτι
992 1328 1207 1379 παροικῶν
1259 1327 1405 1382 σφίσιν
1439 1324 1461 1367 ὅ
1505 1328 1687 1380 Σκίρων,

151 1399 322 1447 ὁπόσοις
355 1400 439 1439 τῶν
468 1401 595 1448 ’ξένων
623 1398 925 1451 ἐπετύγχανεν,
969 1399 1086 1454 ἠφίει
1116 1400 1231 1455 σφᾶς
1262 1401 1304 1449 ἐς
1351 1397 1424 1453 τήν
1452 1397 1688 1439 θάλασσαν.

150 1469 313 1526 χελώνη
346 1471 391 1511 δὲ
421 1468 655 1522 ὑπενήχετο
685 1475 777 1517 ταῖς
807 1471 979 1522 πέτραις
1020 1468 1118 1518 τοὺς
1148 1471 1432 1525 ἐσβληθέντας
1461 1467 1687 1524 ἁρπάζεινε

152 1545 192 1584 in
224 1544 285 1583 his
325 1542 389 1582 illa
434 1541 551 1580 avide
589 1541 786 1580 adnatans
827 1542 986 1581 testudo
1023 1527 1193 1594 'dignam
1226 1543 1425 1592 carmine,
1455 1547 1495 1581 et
1525 1541 1688 1593 dignam

153 1614 396 1656 Callimacho
425 1614 637 1665 imaginem
667 1613 846 1665 praebet.
905 1614 993 1653 Non
1027 1615 1118 1654 dico
1150 1627 1171 1654 a
1203 1614 1447 1654 Callimacho
1470 1613 1510 1653 id
1537 1612 1690 1652 habere

155 1689 414 1737 Pausaniam,
461 1685 532 1724 sed
567 1685 739 1724 sortasse
782 1685 924 1725 cadem
958 1686 1220 1727 Callimachus
1255 1698 1351 1726 usus
1398 1686 1572 1738 imagine
1615 1689 1691 1724 est.

160 1762 248 1801 Alia
273 1761 430 1811 imago,
459 1756 521 1795 vel
542 1758 659 1796 ettam
688 1758 971 1810 coniungenda
1005 1769 1093 1797 cum
1117 1758 1196 1809 illa,
1225 1760 1265 1797 in
1286 1758 1366 1797 Ciri
1398 1762 1481 1797 est:
1505 1757 1694 1809 infestum

157 1830 460 1886 Megarensibus
515 1829 630 1868 dirae
667 1828 877 1867 testudinis
918 1827 1142 1879 Spelaeum.
1202 1829 1398 1868 Enatabat
1440 1840 1463 1867 e
1506 1827 1694 1880 spelaeo,

158 1905 316 1959 quoties
345 1913 490 1942 novam
526 1900 751 1939 devolutam
783 1900 973 1953 praedam
1006 1905 1202 1940 senserat.

291 1975 463 2015 Moranti
496 1975 535 2013 in
567 1972 698 2011 sabula
722 1974 914 2022 Scironis,
945 1976 984 2012 et
1011 1973 1050 2011 in
1069 1974 1347 2012 tractationem
1375 1974 1460 2013 eius
1482 1972 1696 2025 poeticam,

159 2061 262 2102 quae
294 2048 452 2101 quidem
480 2047 653 2098 potuerit
686 2057 792 2096 esse,
828 2046 1041 2097 inquirenti
1087 2046 1284 2085 curiosius
1335 2056 1416 2084 non
1461 2042 1698 2085 incredibile

160 2121 380 2170 videbitur,
413 2117 526 2156 brevi
555 2120 647 2156 ante
663 2117 818 2170 Fragm.
852 2117 1194 2157 CCCCXXXVIII.
1225 2117 1374 2168 spatio,
1403 2116 1570 2157 duorum
1602 2125 1700 2154 ver-

165 2205 302 2245 suum,
332 2190 396 2232 rel
429 2189 545 2230 unius
579 2193 753 2240 tantum,
786 2191 1055 2230 antecessisse
1086 2191 1363 2243 Fragmentum
1394 2185 1644 2229 CCLXXVII.

552 2259 736 2312 μαστύος
769 2259 907 2302 ἄλλοτ’
937 2259 1115 2314 ἔκαμνον
1145 2261 1309 2315 α’λητύϊ.

165 2338 230 2378 vel
277 2349 328 2376 ex
360 2334 546 2388 speciosa
576 2332 721 2373 Eldikii
754 2333 866 2385 Susp.
896 2334 1011 2386 SpeC.
1053 2334 1147 2387 Cap.
1178 2333 1241 2373 lv.
1283 2337 1323 2373 et
1367 2331 1541 2373 Iacobsii
1579 2331 1700 2372 Anth.

168 2410 234 2451 Gr.
266 2409 308 2449 T.
337 2407 404 2448 IX.
437 2419 474 2459 p.
510 2404 599 2446 145.
634 2406 943 2445 emendatione:

520 2474 709 2529 μαστύος
739 2475 826 2518 dm?
860 2473 916 2518 ὅτ’
943 2475 1121 2529 ἔκαμνον
1149 2474 1306 2531 α’λητιῗϊ
1332 2501 1397 2516 -.

173 2550 281 2592 dmi
310 2550 488 2591 secundo
529 2549 620 2588 loco
639 2549 809 2600 positum
838 2560 889 2588 ex
911 2561 985 2589 usu
1006 2548 1260 2599 Callimachi,
1291 2549 1328 2588 h.
1365 2549 1446 2588 Iov,
1476 2548 1539 2589 18.
1567 2547 1703 2599 Epigr.

172 2623 217 2662 V.
247 2623 292 2662 ll.
352 2621 543 2662 Crebrum
575 2620 614 2659 in
635 2619 901 2672 Anthologia:
942 2620 1098 2660 lacobs.
1131 2621 1170 2660 in
1192 2621 1312 2660 Anth.
1346 2621 1466 2661 Palat.
1497 2621 1588 2661 Not.
1618 2619 1704 2658 crit.

175 2705 210 2744 p.
246 2694 337 2733 535.
374 2694 456 2743 cui,
488 2697 531 2732 ut
560 2692 643 2743 ipse
677 2696 812 2731 monet
843 2692 985 2731 multos
1030 2692 1129 2731 alios
1171 2693 1284 2732 locos
1314 2704 1426 2742 esse,
1459 2694 1589 2733 statim
1631 2691 1706 2731 tria

178 2777 279 2816 quae
310 2765 435 2804 addas
464 2777 565 2805 unus
597 2764 820 2816 suppeditat
851 2764 1093 2816 Crinagoras
1126 2764 1208 2804 XII.
1239 2766 1276 2804 5.
1305 2764 1442 2805 XXIV.
1466 2765 1503 2803 5.
1525 2762 1708 2804 XXXIII.

179 2838 215 2876 5.
248 2837 334 2876 Non
366 2837 503 2876 attinet
526 2838 703 2889 reliquos
737 2836 910 2887 addere,
943 2837 1045 2877 inter
1064 2848 1163 2888 quos
1188 2841 1278 2876 sunt
1310 2840 1387 2875 tam
1411 2835 1561 2886 antiqui
1592 2846 1707 2887 quam
