1856 3126
757 129 1065 165 -222—

145 251 186 286 ut
218 246 384 286 haberet
415 245 618 285 dominum
656 249 774 296 atquc
817 249 1050 295 auctorem,
1097 255 1267 297 eumque
1303 253 1494 296 magnum
1515 273 1526 293 ,
1556 240 1682 294 Ibyco

145 319 378 370 assignavit.
469 317 513 357 V.
538 318 599 357 17.
621 329 658 369 p.
678 317 774 356 359.
807 316 1054 356 carminibus
1086 316 1274 367 Saphc'cis
1307 328 1333 355 a
1365 314 1481 354 nobis
1513 314 1607 354 olim
1637 314 1681 354 in

144 390 331 430 Latinam
361 389 536 441 linquam
570 388 781 427 translatis
819 400 868 428 an
910 388 1089 428 fraudem
1131 388 1267 427 l'accrc
1310 387 1507 433 voluerit,
1548 386 1677 437 quivis

143 464 228 515 ipse
258 462 421 502 iudicet.
482 460 598 508 Quod
629 461 691 500 vl.
714 461 751 500 7.
784 472 822 512 p.
843 461 937 501 381.
969 461 1138 513 legitur:
1169 458 1432 499 Antimachus
1464 458 1566 498 libro
1591 462 1678 497 ter-

143 535 196 573 tio
229 533 598 586 Aryonauticorum
626 533 814 572 Iasonem
852 545 940 572 cum
977 532 1122 571 Medea
1153 536 1229 571 etc.
1263 535 1437 572 erratum
1481 530 1675 581 dicerem,

143 607 230 647 sive
260 606 445 657 Natalis,
479 606 566 644 sive
604 616 839 657 operarum,
882 604 1104 656 reponique
1148 601 1432 653 Apollonium,
1481 614 1597 654 quem
1636 605 1678 641 et

145 680 239 720 alibi
270 679 508 732 saepissime
539 682 577 717 et
608 677 686 717 hoc
717 677 805 729 ipso
834 678 875 717 in
906 676 997 716 loco
1027 675 1161 715 laudat
1181 674 1346 725 Natalis,
1377 676 1567 726 iuberem,
1598 674 1676 714 nisi

143 757 252 792 esset
283 752 468 792 scholion
512 751 551 790 in
581 750 771 802 Apollou.
803 749 876 788 Rh.
906 749 968 789 lV.
1003 749 1093 788 156.
1131 748 1237 787 uude
1275 753 1366 787 nata
1397 746 1676 799 Aryonautica

139 825 380 867 Antimachi.
437 822 576 862 Eidem
604 821 847 862 Antimacho
879 820 984 860 aliud
1017 832 1205 871 carmen,
1237 819 1343 873 quod
1376 819 1439 859 ille
1471 830 1672 871 nunquam

139 899 312 951 scripsit,
342 896 531 946 attribuit,
565 892 985 943 Centauromachiam,
1013 892 1095 932 Vll.
1114 892 1151 931 4.
1182 904 1218 944 p.
1240 891 1335 932 473.
1395 891 1451 930 At
1479 890 1670 930 Antima-

138 971 235 1011 chus
263 970 305 1009 in
335 966 693 1009 centauromachia
722 966 812 1005 illos
856 965 907 1004 ab
946 964 1121 1004 Hercule
1147 964 1291 1014 pulsos
1333 976 1354 1002 e
1393 963 1604 1003 Thessalia
1631 963 1675 1002 in

137 1041 295 1081 insulas
324 1041 503 1079 sirenum
535 1038 763 1090 confugisse
789 1035 968 1087 scripsit,
995 1034 1066 1074 ubi
1098 1034 1282 1074 cantibus
1311 1035 1472 1074 illarum
1492 1034 1676 1074 delectati

141 1125 277 1153 onmes
316 1112 358 1151 in
400 1115 584 1162 apertam
620 1108 835 1159 pernitiem
865 1108 1033 1160 fuerunt
1073 1108 1251 1147 attracti.
1324 1106 1440 1154 Quod
1479 1106 1592 1146 addit
1626 1105 1677 1146 de

143 1187 288 1235 Nesso,
320 1184 421 1234 aliis,
453 1196 474 1223 e
497 1182 711 1232 Strabone,
739 1185 851 1221 recte
882 1192 928 1220 se
955 1179 1090 1220 habet.
1150 1179 1556 1220 Centauromachiam
1583 1179 1676 1220 An-

146 1255 306 1296 timachi
349 1255 574 1295 rectissime
618 1254 658 1293 in
704 1252 989 1293 dubitationem
1031 1254 1192 1292 vocavit
1235 1251 1590 1304 Schellenbergius
1635 1252 1677 1292 in

143 1327 370 1369 Antimach.
402 1339 438 1379 p.
471 1325 537 1365 32.
597 1325 736 1376 Neque
758 1324 862 1364 aliud
894 1324 970 1375 ilia,
1004 1329 1045 1364 ut
1075 1329 1184 1376 puto,
1220 1324 1518 1364 fundamentum
1540 1323 1675 1375 habet,

145 1403 221 1441 nisi
255 1400 404 1440 Natalis
435 1398 784 1438 ratiocinationem
814 1396 931 1436 valde
970 1396 1163 1436 infirmam
1197 1396 1326 1436 hanc:
1372 1396 1422 1435 de
1460 1395 1672 1435 Centauris

146 1473 262 1513 victis
295 1484 343 1511 ac
374 1471 519 1522 sugatis
553 1470 755 1522 aptissime
786 1471 827 1508 in
853 1467 1211 1508 Centauromachia
1243 1468 1342 1507 dici:
1373 1479 1473 1521 ergo
1511 1467 1605 1507 illud
1635 1469 1676 1508 in

148 1543 509 1586 Centauromachia
544 1542 695 1582 dixisse
727 1540 1019 1581 Antimachum.
1079 1541 1224 1580 Verum
1254 1552 1332 1593 ego
1365 1541 1483 1580 etiam
1516 1541 1566 1580 de
1582 1539 1676 1579 An-

148 1616 319 1656 timacho
351 1615 554 1654 addubito.
615 1613 711 1661 Quis
733 1614 836 1652 enim
866 1624 946 1652 non
980 1614 1096 1663 iuret,
1126 1613 1253 1653 Natali
1273 1617 1364 1653 ante
1389 1612 1530 1652 oculos
1552 1612 1678 1652 fuisse

150 1688 327 1729 auctoris
359 1687 460 1736 cius,
491 1698 568 1738 quo
602 1686 723 1725 utitur
752 1685 1002 1737 saepissime,
1031 1685 1225 1734 Tzetzae,
1255 1685 1341 1736 vel,
1375 1689 1418 1724 ut
1445 1684 1573 1724 Natali
1603 1696 1679 1737 ap-

147 1761 331 1814 pellatur,
360 1759 501 1808 Isacii,
532 1758 572 1797 in
603 1757 803 1810 Lycophr.
834 1770 870 1796 v.
902 1756 996 1797 670.
1028 1757 1154 1796 haec:
1184 1756 1344 1810 Ἐπειδὴ
1378 1756 1414 1796 οἱ
1441 1758 1678 1809 Κένταυροι

149 1834 398 1888 διωχθέντες
430 1828 510 1869 dno
546 1829 786 1876 Θεσσαλίας
816 1829 892 1884 ὑφ’
917 1829 1196 1883 Ἡρακλέους,
1225 1829 1284 1876 εἰς
1314 1827 1390 1883 τὴν
1418 1829 1500 1869 τῶν
1529 1825 1679 1880 Σειρή-

148 1921 230 1947 νων
259 1906 384 1957 νῆσον
414 1906 529 1951 (ante
548 1901 752 1944 Miillerum
783 1900 852 1940 suit
886 1901 948 1948 εἰς-
978 1899 1269 1953 τὰς-νήσους)
1302 1901 1588 1953 παρεγένοντο,
1609 1898 1682 1939 καί

148 1978 198 2032 τῇ
226 1976 312 2033 (έῖὸῇ
343 1977 509 2017 ἐκείνων
534 1970 780 2025 θελγόμενοι
815 1970 1045 2012 ἀπώλοντο.
1104 1973 1163 2012 De
1182 1972 1422 2012 Antimacho
1454 1970 1566 2011 nihil.
1625 1970 1678 2010 At

151 2050 325 2090 fortasse
375 2047 477 2099 apud
519 2045 700 2087 Natalem
742 2044 898 2096 plenius
937 2045 1140 2096 exemplar
1183 2045 1267 2084 suit.
1337 2044 1480 2084 Itane?
1521 2043 1678 2082 Plenius

151 2124 322 2163 Tzetzae
352 2118 555 2170 exemplar
585 2116 690 2169 apud
720 2116 854 2165 illum,
888 2116 953 2167 qui
986 2116 1047 2155 IV.
1082 2118 1120 2156 5.
1152 2128 1189 2168 p.
1223 2115 1314 2155 199.
1355 2115 1500 2155 eodem
1529 2114 1676 2153 Tzetzc

152 2196 202 2236 ad
247 2194 341 2246 Lyc.
373 2192 467 2232 355.
512 2193 732 2243 praeeunte
767 2201 788 2228 a
831 2188 1032 2228 Simonide
1078 2188 1185 2228 Caco
1226 2186 1461 2239 Genealogo
1503 2186 1677 2238 scriptos

149 2266 353 2320 perhibet,
389 2265 454 2318 qui
489 2267 581 2304 sunt
610 2274 753 2304 versus
794 2261 1034 2314 Apollonii?
1091 2262 1157 2313 qui
1186 2259 1248 2299 IV.
1283 2258 1346 2298 10.
1380 2270 1417 2310 p.
1449 2258 1541 2298 240.
1588 2270 1678 2298 cum

151 2339 295 2381 eodem
328 2338 472 2377 Tzetze
513 2340 653 2376 nostro
694 2335 745 2375 ad
778 2335 872 2387 Lyc.
905 2333 998 2374 208.
1030 2344 1171 2373 versus
1203 2330 1408 2383 Apollonii
1452 2329 1552 2369 alios
1591 2329 1679 2369 He-

151 2411 306 2452 liodoro
349 2408 511 2449 tribuit?
569 2408 790 2448 Pleniorem
822 2407 927 2447 vitiis
966 2405 1148 2445 codicem
1187 2403 1382 2443 habuerit.
1453 2402 1571 2442 Certe
1608 2401 1677 2441 illo

152 2486 243 2526 loco
279 2482 343 2535 qui
375 2485 436 2520 cst
464 2492 502 2532 p.
537 2479 626 2520 199.
656 2478 836 2532 ὑψηλῶν
865 2477 995 2531 ὀρέων
1025 2477 1202 2526 additur,
1232 2475 1339 2528 quod
1369 2474 1473 2526 apud
1503 2474 1677 2514 Tzetzen

161 2555 202 2594 a‘l
235 2552 441 2606 L3vc.355.
474 2550 799 2600 additamentum,
825 2549 990 2590 Mullcro
1022 2553 1207 2598 testante,
1237 2545 1432 2598 Leopoldi
1453 2545 1680 2586 Sebastiani

160 2627 222 2663 est
241 2626 346 2666 haud
377 2625 496 2664 dubie
528 2636 579 2663 ex
609 2624 740 2676 aliquo
771 2622 927 2663 codice.
1015 2622 1073 2661 Dc
1103 2620 1310 2660 Sosicrate
1351 2619 1389 2657 in
1421 2617 1555 2658 sabula
1586 2616 1679 2658 Sci-

159 2694 271 2734 ronis
293 2697 372 2736 Vll.
398 2697 435 2740 9.
471 2709 508 2749 p.
538 2698 633 2737 484.
672 2707 791 2747 supra
825 2693 1112 2734 dubitationem
1146 2692 1265 2731 movi.
1334 2690 1396 2730 An
1432 2689 1676 2730 Sosicratem

162 2765 328 2815 intellig.
350 2768 474 2807 voluit
503 2780 637 2809 rerum
667 2768 913 2808 Creticarum
946 2766 1198 2817 scriptorem,
1229 2775 1346 2816 quem
1376 2773 1499 2802 nosse
1527 2758 1676 2800 Natalis

164 2849 215 2878 ex
243 2833 374 2878 Schol.
394 2838 526 2892 Eurip.
556 2841 709 2895 Hippoi.
739 2841 806 2881 47.
849 2839 1006 2892 potuit?
1063 2837 1136 2878 Vel
1167 2835 1350 2878 aliunde:
1390 2845 1482 2873 nam
1513 2830 1676 2873 Scholia
