1856 3126
178 235 321 280 οὔποτ’
350 240 509 280 ἐκεῖνοι.
567 237 715 277 Rursus
747 239 785 277 ln
816 239 948 292 Epigr.
971 239 1068 282 XLI.
1102 240 1262 291 (XLII.)
1282 241 1319 280 5.
1348 239 1552 292 κήηέμυσ’
1586 239 1697 279 ἑκεί-

175 325 257 350 van*
286 311 512 349 suaviorem
548 323 756 350 caesuram
790 312 883 351 facit
913 312 952 351 in
984 325 1149 353 nmnero
1179 313 1399 362 trochaico,
1431 324 1546 365 quam
1580 313 1696 352 sacc-

175 387 236 422 ret
262 382 481 434 ursnae'flwaa
510 385 665 423 κείνων.
727 384 872 424 Contra
898 385 936 424 in
957 385 1090 438 Epigr.
1109 385 1242 426 XLIX.
1265 386 1350 436 (L.)
1370 383 1394 424 6
1428 384 1533 436 quod
1563 389 1624 423 est
1656 385 1693 424 in

175 453 336 496 Anthol.
365 454 484 493 Palat.
518 453 561 493 11.
593 466 629 506 p.
659 452 752 495 542.
785 457 951 495 sentitur
981 456 1108 495 minus
1140 468 1262 495 suave
1293 456 1460 496 futurum
1495 467 1584 495 csse
1614 455 1695 508 θὴ-

175 527 288 566 και·τ’
307 539 316 548 ·
359 527 541 572 ἐκείνους
572 525 623 568 d’.
681 526 724 566 In
755 527 889 580 Epigr.
921 527 949 567 1.
979 526 1161 577 (Anthol.
1191 527 1268 567 Pal.
1297 527 1324 566 I.
1354 540 1389 580 p.
1413 528 1530 576 339.)
1552 529 1590 567 ὅ.
1613 528 1698 566 sive

178 598 307 652 legas,
339 598 444 650 quod
475 599 594 651 vulgo
627 600 706 654 legi
741 601 834 640 dicit
866 600 1098 651 lacobsius,
1129 599 1250 653 er'd',
1281 602 1449 652 ἐκεῖνοι,
1480 601 1566 640 sive
1593 611 1699 639 nunc

177 674 379 721 receptum
417 670 466 709 ab
498 671 681 711 omnibus
711 672 848 725 ήινίδε,
875 671 1008 711 κεῖνοί
1032 684 1124 725 σοι,
1153 672 1470 712 commendabile
1498 685 1562 723 co,
1594 672 1702 725 quod

176 741 218 781 in
245 742 387 781 eodem
420 743 704 795 epigrammate
732 743 793 783 bis
811 756 848 782 v.
876 743 939 782 11.
965 743 1026 783 15.
1059 744 1218 790 κείνων,
1242 746 1386 794 κεῖνος,
1416 755 1495 783 non
1519 743 1700 794 ἐκείνων,

177 815 351 867 ἐκεῖνος,
382 814 551 867 legitur:
595 819 739 855 neutro
781 814 903 855 modo
949 817 1133 855 usitatam
1178 814 1418 855 Callimacho
1461 814 1701 866 elegantiam

176 886 359 927 habebis.
418 888 524 928 Sane
556 887 662 927 inter
690 891 748 927 tot
775 899 917 928 versus
954 886 1158 940 elegiacos
1193 885 1420 925 Callimachi
1447 887 1606 926 unicum
1627 889 1701 935 est,

175 960 255 1000 nisi
288 960 450 1000 alterum
479 972 541 1000 me
572 961 845 1013 praeterierit,
891 961 943 1001 ita
984 959 1186 1000 dissolutis
1227 958 1396 1011 pedibus
1440 957 1703 1012 ingredientis

177 1034 411 1086 pentametri
442 1035 540 1073 satis
576 1038 724 1074 certum
756 1035 1002 1087 exemplum,
1037 1034 1193 1086 Fragm.
1224 1032 1384 1073 XXXII.
1423 1045 1475 1073 ex
1505 1033 1703 1072 emenda-

177 1105 286 1145 tione
316 1104 510 1144 Bentleii:
543 1103 748 1152 Δειπιίὰς
778 1102 898 1145 ἔνθεν
925 1120 999 1157 μιν
1025 1130 1073 1136 -
1104 1106 1199 1146 Nam
1229 1104 1334 1157 quod
1365 1104 1455 1144 olim
1486 1105 1702 1155 serebatur,

178 1177 312 1230 Epigr.
342 1177 386 1216 V.
404 1176 441 1217 6.
473 1178 649 1224 ποσσίν,
679 1176 732 1215 ἵν’
761 1171 900 1231 ὥσπερ
934 1177 1005 1216 καί
1032 1202 1086 1208 -
1117 1189 1221 1217 nunc
1244 1176 1493 1216 emendatum
1522 1179 1583 1215 est
1604 1187 1702 1228 par-

178 1249 246 1287 tini
277 1260 328 1287 ex
358 1248 612 1296 coniectura,
652 1246 792 1299 partim
824 1258 875 1285 ex
916 1246 1082 1286 codice:
1119 1248 1250 1286 ποσσί
1274 1247 1358 1300 ms,
1389 1244 1485 1287 ὥστ’
1515 1245 1619 1303 ἔργῳ
1647 1274 1702 1280 --

175 1319 219 1360 In
250 1319 386 1372 Epigr.
420 1317 587 1357 XLVIII.
623 1317 799 1369 (XLIX.)
830 1317 868 1359 8.
913 1317 1030 1355 ταῦτ’
1061 1317 1259 1370 ἑπικείρει
1288 1333 1362 1357 σευ
1391 1343 1444 1348 -
1474 1317 1702 1359 emendatio

173 1394 237 1430 est
263 1388 450 1429 lacobsii.
506 1388 559 1429 At
588 1389 626 1429 in
659 1388 797 1442 Epigr.
829 1387 894 1427 IV.
928 1389 964 1428 2.
995 1387 1063 1427 ubi
1090 1388 1232 1440 vulgo:
1274 1384 1319 1428 τὸ
1352 1386 1519 1436 σκότος·
1561 1389 1703 1442 ὑμέων

175 1460 257 1516 γάρ
289 1485 341 1493 —-
370 1462 533 1515 gravius
565 1460 614 1501 ad
648 1461 885 1500 sententiam
918 1464 958 1500 et
996 1460 1093 1500 mihi
1123 1464 1163 1500 et
1190 1459 1396 1512 lacobsio,
1428 1465 1468 1501 ut
1495 1467 1611 1514 puto,
1651 1461 1696 1503 τὸ

178 1530 349 1581 σκότος·
381 1532 558 1586 ὑμείων,
590 1532 677 1572 sine
704 1528 810 1584 γάρ,
839 1530 1009 1571 videtur.
1066 1531 1145 1573 Sed
1173 1532 1248 1572 ista
1277 1536 1407 1572 tamen
1433 1546 1504 1586 per
1532 1539 1699 1575 metrum

176 1605 274 1646 ferri
304 1609 511 1659 poterant,
532 1604 596 1645 vel
627 1608 793 1657 possent
828 1605 938 1655 ferri,
967 1605 1113 1655 omnia,
1143 1606 1234 1657 quia
1262 1605 1467 1646 insuavem
1487 1619 1699 1648 caesuram

176 1678 349 1719 occultat
381 1678 477 1717 satis
523 1681 632 1717 arcta
663 1677 776 1716 vocis
808 1677 1112 1729 monosyllabae
1144 1689 1231 1717 cum
1261 1679 1530 1730 praecedente
1566 1693 1699 1721 voca-

176 1751 268 1792 bulo
301 1750 541 1790 coniunctio.
600 1750 766 1790 Prorsus
795 1750 1084 1801 intolerabiliS,
1116 1750 1222 1802 quod
1251 1762 1352 1803 pace
1380 1753 1454 1792 viri
1485 1759 1699 1805 praestan-

177 1825 317 1865 tissimi
354 1823 489 1863 dicere
517 1823 656 1874 liceat,
688 1824 727 1862 in
760 1822 1004 1863 Callimacho
1035 1836 1176 1864 versus
1207 1824 1426 1864 eiusmodi:
1459 1822 1532 1865 τὸν
1565 1817 1700 1880 φῗλον,

178 1892 331 1947 ἄλλαν,
364 1899 404 1948 χ’
434 1897 478 1936 ’ἐν
504 1920 559 1927 -
590 1896 725 1948 Epigr.
754 1896 872 1936 LXII.
906 1896 1089 1947 (LXIII.)
1119 1896 1157 1937 4.
1214 1897 1304 1937 Alia
1335 1910 1401 1938 res
1432 1902 1504 1948 cst,
1532 1899 1597 1938 ubi
1625 1911 1701 1939 ve-

178 1970 246 2009 lox
276 1969 454 2021 dactylus
482 1968 523 2008 in
552 1968 731 2009 secundo
767 1969 896 2020 pede:
931 1981 1166 2022 quamquam
1205 1971 1247 2010 in
1288 1970 1350 2010 his
1381 1982 1538 2023 quoque
1574 1976 1700 2022 curat,

178 2047 221 2083 ut
248 2042 362 2095 quasi
393 2042 560 2082 attrahat
589 2042 637 2082 ad
669 2053 713 2081 se
754 2042 938 2082 voculam
971 2042 1287 2095 monosyllabam
1319 2054 1400 2083 vox
1428 2043 1700 2095 praecedens:

179 2116 273 2156 Lav.
307 2114 397 2154 Pall.
430 2115 496 2154 58.
539 2114 671 2167 Epigr.
700 2115 879 2155 XXXIII.
912 2115 1131 2165 (XXXIV.)
1160 2115 1199 2155 4.
1239 2115 1387 2155 XLVII.
1422 2115 1631 2165 (XLVIII.)
1660 2112 1699 2156 4.

180 2188 344 2227 Restant
374 2186 668 2226 observationis
695 2186 870 2226 minutae
900 2185 1082 2238 quidem,
1119 2187 1191 2226 sed
1221 2199 1303 2228 non
1332 2188 1478 2228 inutilis
1510 2189 1549 2228 in
1579 2194 1698 2241 poeta

183 2259 485 2312 diligentissimo
546 2271 732 2298 versuum
784 2259 935 2298 artifice
953 2288 965 2309 ‚
1023 2260 1204 2312 exempla
1265 2260 1357 2301 duo.
1446 2261 1490 2301 In
1537 2262 1694 2315 Fragm.

183 2331 350 2372 CCXIX.
391 2332 587 2386 τεθναίην
605 2363 615 2380 ,
667 2326 724 2373 ὅτ’
772 2329 925 2372 ἐκεῖνον
977 2324 1295 2374 ἅποηνεύσαντα
1338 2335 1573 2387 πυθοίμην,
1623 2335 1699 2376 etsi

183 2405 378 2456 τεθναίην
396 2434 406 2454 ,
438 2399 506 2443 ὅτε
536 2408 669 2444 κεῖνον
698 2414 906 2444 caesuram
936 2403 1090 2444 faceret
1120 2406 1280 2445 minime
1308 2405 1697 2459 reprehendendam,

185 2475 328 2527 quippe
368 2474 703 2516 inobservabilem
745 2475 927 2524 auribus,
969 2481 1008 2515 et
1044 2475 1186 2516 eadem
1228 2476 1458 2516 conditione
1494 2481 1572 2517 tum
1603 2479 1697 2521 alibi

185 2553 265 2589 tum
295 2548 333 2587 h.
363 2548 477 2587 Dian.
508 2545 548 2587 4.
579 2548 671 2588 227.
701 2549 856 2602 Fragm.
888 2549 1083 2589 CCLXIV.
1125 2548 1336 2588 admissam
1378 2548 1426 2588 ab
1459 2547 1538 2588 hoe
1565 2556 1699 2603 poeta,

185 2626 318 2661 tamen
343 2621 437 2671 hie,
467 2632 584 2672 quum
611 2625 775 2672 posset,
806 2622 922 2660 etiam
952 2621 1127 2674 speciem
1164 2621 1291 2659 vitare
1329 2632 1544 2673 caesurae,
1585 2635 1700 2675 quam

185 2698 296 2734 recte
327 2704 398 2745 pro
428 2705 550 2745 prava
578 2691 735 2742 habuit,
767 2696 856 2744 post
885 2692 1102 2732 secundum
1135 2692 1302 2744 pedem,
1334 2691 1468 2733 voluit.
1528 2695 1576 2735 Ut
1605 2709 1703 2737 nes-

189 2767 316 2817 ciam,
350 2778 420 2806 cur
451 2760 518 2805 ὅτε
556 2768 690 2803 κεῖνον
724 2762 951 2814 praetulerit
982 2763 1272 2803 Boissonadius
1309 2763 1349 2803 in
1392 2762 1632 2806 Callimacho
1663 2781 1699 2821 p.

191 2837 281 2876 11‘2.
325 2836 416 2876 905.
485 2833 636 2875 Eadem
676 2832 789 2874 huius
826 2832 906 2873 loci
949 2833 1049 2873 ratio
1098 2836 1182 2873 cst:
1225 2833 1358 2888 ἁρμοῖ
1395 2850 1473 2877 που
1514 2839 1697 2896 κάκείνῳ.
