1856 3126
722 48 1021 86 -275—

125 167 375 207 coniectores
404 166 576 218 speeiem
606 165 786 205 affectant
829 167 952 205 metri.
1012 165 1061 204 At
1098 164 1190 204 mihi
1227 174 1383 215 semper
1425 160 1474 201 ad
1514 172 1630 200 aures

128 238 271 278 accidit
301 250 485 278 numerus
512 237 725 276 iambicus:

419 357 424 362 .
503 338 511 347 .
569 307 623 354 ὠς
655 304 706 347 ἄν
738 307 877 347 ἀσπίδ’
908 307 1101 359 Ἀργείων
1130 302 1246 345 ἑλών.

125 381 248 427 Quam
281 381 317 419 in
352 392 432 420 rem
463 382 561 417 teste
589 384 690 428 utor,
713 392 790 418 non
820 383 910 418 ante
942 379 978 416 in
1011 381 1141 429 partes
1171 379 1328 421 vocato,
1357 375 1461 426 quod
1495 375 1632 421 sciam,

124 453 187 503 qui
218 451 467 503 proverbium
506 450 597 490 illud
643 452 693 490 ita
738 450 1024 489 conformatum
1069 447 1250 487 exhibet:
1288 446 1355 493 Ὠς
1391 447 1493 486 τῶν
1521 444 1631 495 ’Λρ-

121 522 291 575 γείων
330 521 489 562 α’σπίδά
522 520 710 561 καθελών
749 519 1008 570 σεμνύνεται.
1078 519 1114 558 lS
1156 524 1214 558 est
1256 517 1513 566 Plutarchus,
1558 516 1631 555 scd

120 597 372 645 personatus,
402 594 439 631 in
471 592 695 631 Proverbiis
726 590 1102 633 Alexandrinorum,
1132 589 1245 629 Thes.
1271 590 1443 630 Gronov.
1480 588 1562 626 Vol.
1584 586 1631 626 X.

123 695 132 703 .
164 695 172 704 .
204 695 213 704 .
249 693 258 703 .
288 662 478 703 Plutarch.
513 662 576 701 cd.
609 663 763 702 llutten.
795 661 881 700 Vol.
912 660 1011 700 XlV.
1043 673 1078 712 p.
1095 660 1189 699 603.
1221 660 1332 699 I'rov.
1356 659 1443 698 196.
1503 657 1633 705 Quid?

121 735 226 787 quod
257 734 419 773 ulterius
452 733 641 785 progredi
671 736 710 771 et
739 743 790 771 ex
818 731 1025 771 Plutarcho
1067 731 1142 770 isto
1172 734 1211 770 et
1241 742 1262 769 e
1297 731 1498 779 Zenobio,
1529 728 1632 781 apud

120 819 234 858 quem
265 806 343 845 ita:
378 803 445 852 Ὠ,-
476 803 548 856 τὴν
579 804 621 843 ἐν
641 797 784 854 ’Ἀργει
817 801 977 842 α’σπίδά
1010 799 1201 842 καθελών
1230 797 1499 852 σεμνύνεται,
1537 812 1631 839 ver-=

119 892 204 920 sum
235 877 462 919 Callimachi
493 876 702 917 restituere
733 877 927 927 integrum
958 874 1104 914 licebit.
1297 867 1299 876 ¹

335 947 568 1001 asumma,
601 947 656 996 ὥς
683 943 735 987 ἂν
767 948 909 987 ἀσπίδ’
936 947 1134 999 Ἀργείων
1163 942 1280 985 ἑλών.

118 1021 176 1060 De
206 1021 328 1059 variis
360 1019 690 1071 explicationibus
719 1017 919 1069 proverbii
953 1016 1055 1056 nulla
1093 1020 1154 1056 est
1186 1028 1288 1069 quae
1318 1027 1398 1055 non
1443 1015 1492 1053 ad
1531 1026 1632 1054 ean-

118 1094 206 1132 dem
238 1092 475 1131 sententiam
506 1090 655 1130 redeat.
716 1091 869 1130 Dictum
899 1093 958 1128 est
989 1100 1067 1128 non
1099 1093 1175 1128 tam
1207 1089 1245 1128 in
1276 1088 1487 1140 iynctoum,
1523 1085 1630 1138 quod

118 1164 198 1204 vult
237 1164 434 1216 interpres
478 1163 610 1212 Statii,
641 1175 755 1214 quam
797 1163 834 1201 in
881 1160 1200 1212 superbientem,
1244 1158 1315 1200 ὲπί
1340 1161 1423 1199 τῶν
1452 1162 1629 1210 μεγαλο-

116 1233 303 1290 φρόνεον,
332 1240 373 1275 ut
394 1235 472 1275 alii.
531 1236 786 1275 Verissinunn
816 1234 919 1274 haud
950 1233 1067 1274 (lubic
1096 1233 1188 1273 illud
1219 1237 1292 1284 est,
1323 1231 1428 1283 quod
1448 1231 1628 1283 Hyginus

114 1307 207 1346 Fal).
234 1307 321 1347 170.
345 1311 384 1347 et
413 1308 503 1347 273.
540 1307 672 1355 tradit,
705 1306 754 1346 de
789 1306 929 1358 clypeo
958 1304 1140 1344 ludorum
1169 1305 1359 1356 praemio.
1419 1303 1506 1351 Quo
1535 1302 1626 1353 qui-

115 1380 204 1420 dem
235 1379 352 1418 etiam
383 1380 567 1419 revocari
596 1382 780 1430 poterunt
809 1377 1004 1417 Lactantii
1035 1376 1246 1428 explicatio
1269 1375 1358 1424 ista,
1390 1378 1429 1413 et
1458 1386 1629 1426 prover-

113 1451 218 1491 bium
250 1448 430 1500 Zenobii,
461 1448 714 1501 Diogeni-ani,
742 1447 929 1487 Proverh.
958 1446 1173 1487 Alexandr.
1197 1445 1262 1490 44,
1292 1447 1409 1486 Mieh.
1433 1444 1629 1498 Apostolii

113 1522 175 1562 ΠΙ.
207 1521 273 1561 70.
298 1517 440 1570 ὶἏξιος
469 1515 509 1560 εἷ
534 1522 606 1574 τῆς
641 1521 684 1560 ἑν
707 1514 855 1571 ’Ἀργει
890 1518 1078 1566 ἀσπίδος.
1140 1518 1197 1558 Cf.
1241 1531 1344 1558 nunc
1383 1518 1626 1569 Interprctcs

113 1593 271 1635 Pindari
301 1593 451 1646 Olymp.
485 1592 564 1632 Vll.
601 1593 690 1632 152.
722 1591 834 1641 (83.)
868 1595 908 1630 et
944 1602 1081 1631 rursus
1112 1591 1292 1644 inscript.
1331 1588 1506 1630 Boeckh.
1538 1587 1622 1628 Vol.

113 1665 158 1706 ll.
190 1665 309 1704 9810.
339 1691 389 1697 -—
422 1662 496 1716 τήν
524 1665 566 1713 ἐξ
586 1657 772 1715 '‘Apyovg
804 1662 962 1703 ἀσπίδα
993 1663 1075 1711 δι’ςζ

221 1737 279 1776 De
309 1733 511 1791 Ειῖκολίνῃ
542 1739 582 1775 ut
610 1735 850 1785 absolvatur,
883 1735 1258 1775 commemorabitur
1288 1736 1405 1774 etiam
1436 1733 1624 1785 Wytten-

112 1807 243 1849 bachii
275 1808 313 1848 in
355 1807 505 1848 Callim,
542 1808 603 1847 Fr.
644 1807 758 1848 LXII.
802 1808 1053 1847 coniectura:
1098 1806 1308 1847 Animadv.
1353 1807 1392 1845 in
1426 1804 1621 1844 Plutarch.

111 1881 276 1920 Conviv.
306 1881 410 1932 Sept.
432 1880 522 1931 Sap.
553 1891 589 1932 p.
613 1879 706 1919 922.
735 1879 852 1931 χαῖρ’
877 1877 1080 1933 Ἓκαλίνη.
1140 1878 1216 1929 vel,
1244 1878 1350 1931 quod
1379 1878 1451 1930 ipsi
1483 1876 1622 1930 place-

109 1953 191 2002 bat,
216 1950 426 2006 Ἑκαλήιιη.
484 1952 594 1999 Quae
625 1951 701 1991 nisi
734 1956 841 1990 esset
871 1963 987 2003 supra
1019 1951 1177 1991 modum
1200 1951 1344 2001 audax,
1377 1950 1427 1990 ad
1456 1953 1623 1988 senten-

109 2025 202 2064 tiam
235 2024 396 2063 minime
426 2024 558 2076 inepta
587 2024 703 2064 soret.
762 2023 858 2063 Nam
891 2027 1015 2073 recte,
1045 2027 1136 2075 post
1165 2035 1214 2063 ea
1247 2034 1349 2076 quae
1383 2033 1502 2073 supra
1521 2020 1621 2060 Pro-

107 2094 214 2148 legg.
234 2108 270 2148 p.
292 2096 352 2135 15.
368 2107 426 2148 sq.
458 2100 496 2135 et
519 2095 612 2147 Cap.
632 2095 693 2135 lv.
712 2108 748 2148 p.
770 2095 858 2135 103.
880 2106 940 2149 sq.
974 2095 1169 2147 disputata
1199 2099 1304 2145 sunt,
1334 2093 1385 2133 ad
1415 2093 1520 2132 hane
1543 2103 1620 2131 ex-

108 2170 271 2208 tremam
301 2168 468 2208 Hecales
500 2172 649 2220 partem
679 2169 899 2208 reseremus
928 2168 1116 2219 primum,
1147 2171 1190 2207 ut
1219 2166 1398 2215 videtur,
1427 2164 1619 2217 prolatam

109 2251 130 2278 a
158 2237 369 2291 δημόταις,
400 2240 472 2280 sed
503 2240 675 2279 sortasse
703 2240 822 2279 etiam
852 2238 1096 2279 sollemniter
1122 2237 1386 2277 introductam
1409 2248 1432 2275 a
1462 2235 1617 2275 Theseo

107 2310 410 2362 appellationem
472 2310 694 2365 Ἐκαλίνης.
891 2311 977 2358 Qua
1042 2309 1273 2350 conditione
1340 2309 1619 2361 Fragmentum

108 2382 441 2423 CCCCXXXtX÷÷.
474 2383 550 2423 hoc
576 2383 616 2422 in
645 2383 735 2422 loco
757 2382 850 2435 poni
876 2381 1014 2435 possit,
1043 2380 1261 2420 monstravi
1281 2380 1375 2432 Cap.
1392 2378 1454 2418 lv.
1474 2376 1618 2431 p.107.

106 2454 179 2494 sed
211 2454 456 2505 dubitanter,
489 2459 528 2494 et
559 2459 598 2495 ut
639 2455 726 2507 plus
757 2454 926 2494 tribuam
966 2452 1237 2493 emendationi
1274 2450 1510 2500 Hermanni,
1548 2461 1618 2502 per

106 2537 221 2579 quam
257 2525 350 2565 illud
379 2527 579 2578 proprium
612 2527 736 2579 Capiti
766 2527 826 2567 IV.
861 2526 1048 2566 manebit.

216 2597 338 2636 Porro
369 2598 407 2636 in
448 2602 626 2649 promptu
666 2603 754 2649 est,
785 2598 979 2637 Theseum
1020 2596 1096 2636 hae
1135 2595 1426 2648 opportunitate
1472 2591 1615 2632 cultum

105 2669 321 2710 instituisse
352 2668 456 2708 lovis
479 2667 708 2710 Ἑκαλειόυ.
768 2669 825 2707 De
847 2679 897 2708 eo
918 2667 1166 2707 Plutarchum
1194 2667 1414 2707 audivimus
1444 2665 1482 2703 in
1517 2664 1616 2703 Pro-=

104 2739 344 2792 lcgomcnis,
389 2745 426 2780 ct
459 2740 697 2792 Stephanum
738 2740 965 2792 Byzantium
999 2738 1184 2792 Cap.'lV.
1216 2739 1298 2779 init.
1357 2737 1451 2778 Tum
1483 2736 1614 2788 ttesy=
