1856 3126
770 125 1047 162 -73-

143 241 238 282 356.
272 240 334 283 ed.
371 241 465 280 Ern.
523 242 571 281 Ut
603 252 768 292 prorsus
797 243 1001 293 nesciam,
1029 241 1135 282 unde
1167 243 1309 283 malum
1346 243 1488 296 pedem
1521 243 1670 284 intule-

144 314 196 352 rit
224 310 284 362 οἱ,
318 311 424 363 quod
461 317 667 363 comparet
710 315 750 353 in
782 314 937 367 Fragm.
968 315 1093 355 Bentl.
1127 316 1204 355 sic:
1248 310 1440 355 τοῦνεκεν
1471 313 1517 355 οἱ
1556 316 1677 368 γένος

141 381 234 423 ἔσκε
265 408 318 414 —-
344 383 522 434 Apparet
551 383 657 423 hanc
685 386 846 425 mixtam
877 398 928 426 ex
948 387 1163 426 Ammonio
1195 390 1233 425 et
1257 386 1535 440 Etymologico
1565 387 1672 427 scri-

142 460 296 506 pturam
329 466 448 505 esse,
479 456 651 507 inserta,
679 470 821 498 versus
861 470 1033 509 caussa,
1079 470 1160 498 non
1204 460 1352 510 optimo
1393 460 1588 510 consilio,
1633 456 1671 499 οἱ

139 527 347 578 particula.
407 527 488 568 Iam
515 540 613 569 vero
647 542 719 570 cur
747 531 869 583 pluris
902 531 1044 570 faciam
1065 531 1332 581 Ammonium,
1357 543 1473 582 quam
1502 531 1672 583 Etymo—

138 599 285 650 logum,
312 598 500 638 idoneam
534 611 717 640 caussam
747 600 893 651 habeo,
925 600 1031 652 quod
1062 600 1168 640 illum
1200 612 1287 651 sua,
1317 605 1357 640 et
1387 602 1561 641 maxime
1590 601 1671 641 mi-

136 681 221 708 rum
270 668 363 708 illud
404 663 626 722 τοῦνεκεν,
668 672 717 711 ab
761 677 925 712 auctore
967 672 1174 723 accepisse
1221 672 1567 725 locupletissimo,
1596 684 1669 726 pro

139 746 250 780 certo
282 741 426 780 habeo.
486 742 647 783 Scilicet
676 748 718 783 ut
747 744 1001 784 Ammonium
1033 755 1135 796 quae
1166 756 1201 796 p.
1237 743 1328 784 106.
1362 744 1412 784 de
1446 741 1597 784 οὕνεκα
1630 750 1670 784 et

136 814 273 853 εἵνεκα
305 813 440 861 habet,
475 819 541 854 aut
571 827 622 855 ex
651 816 852 869 Apollonii
887 817 1172 868 disputatione,
1205 827 1307 866 quae
1337 820 1397 855 est
1427 817 1467 856 in
1497 817 1670 857 Bekkeri

134 886 358 926 Anecdotis
393 887 436 926 ll.
463 899 498 938 p.
530 887 623 927 505.
655 888 873 941 delegisse,
907 894 974 929 aut
1007 902 1057 928 ex
1086 888 1187 940 alio,
1223 889 1286 928 cui
1316 890 1553 929 conveniret
1582 901 1669 929 cum

135 958 366 1009 Apollonio,
400 971 516 1010 supra
545 970 581 1010 p.
610 959 703 998 515.
735 961 925 999 monitum
959 965 1033 1012 est,
1068 960 1210 1000 eodem
1243 961 1363 1001 modo
1393 961 1432 1000 in
1462 959 1536 1009 his,
1566 972 1669 1012 quae

134 1043 172 1082 p.
203 1030 295 1069 136.
330 1030 379 1068 de
413 1025 585 1069 τοῦνεκα
619 1034 658 1068 et
701 1025 852 1068 οὕνεκα
895 1030 1014 1069 docet
1051 1031 1314 1082 Ammonius,
1345 1032 1549 1083 conspirat
1578 1044 1668 1071 cum

134 1100 367 1151 Apollonio,
399 1104 438 1138 et
469 1100 582 1150 quasi
611 1099 758 1149 pendet
789 1099 838 1138 ab
860 1099 1076 1151 Apollonio
1096 1113 1133 1152 p.
1154 1101 1248 1142 504.
1270 1107 1309 1142 et
1328 1103 1423 1152 505,
1443 1104 1478 1142 1.
1509 1104 1667 1143 Anecd.

132 1171 256 1211 Bekk.
319 1171 462 1210 Verum
491 1170 744 1220 Ammonius,
776 1176 818 1210 ut
848 1172 953 1211 solet
981 1172 1115 1212 brevis
1137 1185 1244 1224 esse,
1275 1174 1402 1214 verbo
1430 1185 1595 1214 monere
1619 1174 1668 1214 de

130 1255 229 1293 usu,
270 1247 309 1282 et
353 1248 496 1282 notare
541 1243 707 1283 abusum
752 1243 1003 1293 Callimachi,
1040 1239 1234 1285 τοῦνεκεν
1278 1245 1463 1286 audentis
1504 1258 1576 1298 pro
1618 1258 1668 1287 eo

132 1315 239 1367 quod
271 1314 443 1354 debebat
474 1311 625 1354 οὕνεκα
657 1327 773 1366 esse,
818 1316 916 1355 satis
964 1316 1120 1366 habuit3
1162 1317 1397 1370 Apollonius
1436 1317 1667 1370 ampliorem

131 1387 434 1439 doctioremque
465 1387 776 1438 disputationem
807 1387 1048 1438 instituerat,
1079 1389 1191 1428 cuius
1224 1391 1258 1429 si
1286 1390 1411 1430 verba
1442 1401 1524 1429 non
1554 1390 1664 1440 licet,

131 1461 223 1512 quia
252 1460 407 1499 lacunis
438 1458 684 1498 deformatus
721 1459 834 1497 locus
873 1463 965 1509 est,
1008 1463 1047 1498 at
1091 1461 1279 1500 ambitum
1325 1460 1534 1513 lineasque
1573 1461 1666 1500 licet

130 1534 244 1585 quasi
273 1544 344 1584 per
377 1532 554 1571 umbram
591 1531 767 1583 assequi.
826 1531 1018 1582 Equidem
1041 1532 1252 1571 llomerica
1282 1533 1461 1584 exempla
1481 1543 1663 1585 agnosco

133 1606 226 1657 duo,
252 1617 290 1657 p.
322 1602 417 1654 504,
444 1604 508 1643 98.
571 1603 717 1656 Odyss.
738 1604 840 1643 XVI.
865 1605 955 1644 188.
986 1604 1103 1643 XVlI.
1128 1605 1220 1644 258.
1251 1609 1331 1644 tum
1350 1604 1497 1644 alicubi
1517 1603 1663 1643 lectum

129 1677 240 1728 mihi,
270 1678 303 1716 si
333 1681 445 1715 recte
475 1676 618 1726 sentio,
647 1687 807 1715 versum
839 1680 1146 1727 pentametrum,
1180 1705 1191 1716 .
1222 1707 1231 1716 .
1263 1710 1271 1719 .
1300 1707 1310 1716 .
1343 1675 1478 1716 ἕνεκεν
1510 1677 1664 1722 πένθος

129 1748 415 1800 (ἐπωμόσατο,-
446 1747 618 1799 (lenique
651 1747 701 1787 ad
732 1747 864 1787 locum
897 1747 1060 1787 devenit
1080 1747 1324 1798 Callimachi,
1355 1747 1421 1800 qui
1443 1747 1557 1786 locus
1586 1747 1662 1786 etsi

126 1832 208 1859 non
240 1823 459 1871 comparet,
493 1823 648 1867 tamen,
676 1831 793 1870 quum
824 1824 974 1859 tanturn
1005 1823 1195 1871 appareat
1227 1831 1278 1857 ex
1305 1819 1352 1858 iis
1384 1830 1487 1870 quae
1517 1831 1662 1871 super-

125 1893 231 1939 sunt,
264 1891 564 1943 reprehendere
592 1891 848 1942 Apollonium
878 1895 1109 1942 usurpatum
1142 1903 1164 1929 a
1196 1890 1439 1930 Callimacho
1468 1885 1661 1930 τοῦνεκεν

127 1972 200 2012 pro
232 1957 404 2013 οὕνεκα,
433 1963 604 2002 eundem
633 1963 868 2015 Apollonius
903 1963 1035 2003 locum
1070 1963 1275 2015 respicere
1315 1961 1542 2001 censendus
1584 1967 1660 2013 est,

126 2044 242 2083 quem
276 2038 389 2072 notat
422 2035 670 2074 Ammonius.
733 2035 870 2087 ltaque
905 2029 1093 2074 τοῦνεκεν
1135 2033 1349 2075 scribimus
1389 2033 1559 2086 duplici,
1594 2033 1658 2073 vel

125 2106 258 2155 potius
289 2117 366 2143 una
398 2109 650 2156 auctoritate,
683 2106 755 2145 sed
785 2117 833 2145 ea
861 2107 1113 2158 gravissima,
1142 2105 1344 2158 Apollonii
1363 2104 1657 2156 Ammoniique.

126 2176 406 2229 Etymologum
437 2178 635 2226 existimo,
671 2178 777 2231 quod
811 2191 922 2219 suum
956 2180 1073 2219 unice
1103 2176 1273 2231 ἐκύησεν
1300 2177 1338 2217 in
1363 2181 1495 2217 mente
1527 2177 1656 2216 habe-

122 2252 206 2298 ret,
245 2260 316 2300 pro
348 2249 508 2289 insolito
539 2243 739 2303 τοῦνεκεν,
770 2251 856 2291 sive
888 2263 985 2291 casu
1004 2252 1090 2291 sive
1123 2250 1318 2300 consulto,
1348 2249 1534 2289 usitatum
1555 2249 1656 2288 sub-

123 2319 299 2359 stituisse
329 2317 489 2360 οὕνεκα.
547 2321 703 2361 Deinde
737 2321 918 2374 Αἰγαῖος
953 2319 1076 2373 ἔσχεν
1107 2322 1228 2374 Vulgo
1260 2320 1362 2372 apud
1390 2320 1655 2370 Ammonium,

121 2391 228 2430 unde
258 2391 415 2443 Αἰγέος
456 2392 682 2432 emendatio
727 2392 848 2446 longe
884 2394 1083 2434 facillima.
1155 2393 1209 2433 At
1252 2393 1289 2432 in
1330 2392 1531 2432 Ammonii
1573 2392 1652 2432 MS.

122 2462 250 2513 Regio
280 2462 397 2514 plane
433 2464 526 2503 illud
561 2469 759 2514 nostrum,
790 2465 870 2505 sic:
906 2459 1109 2505 Τοῧνεκεν
1129 2462 1283 2516 Αἵγεος
1312 2461 1442 2506 ἔσκεν.
1501 2463 1534 2502 si
1552 2463 1652 2503 fides

126 2532 362 2574 Ruhnkenio
391 2536 431 2574 in
460 2535 648 2587 Epistolis
691 2549 712 2575 a
746 2536 969 2575 Tittmanno
1003 2536 1118 2576 editis
1148 2548 1183 2588 p.
1212 2537 1303 2575 115.
1372 2537 1438 2576 Sic
1467 2536 1651 2575 restitut-a

123 2603 246 2643 verba
289 2616 405 2656 quum
450 2606 645 2658 duplicem
687 2607 1057 2657 interpretationem
1102 2605 1331 2656 admittant,
1369 2617 1486 2645 unam
1531 2604 1649 2654 hanc,

124 2675 417 2726 recognovisse
444 2676 633 2716 Aethram
676 2678 849 2730 gladium
890 2679 1021 2731 Aegei
1064 2679 1351 2730 crepidasque,
1382 2675 1489 2716 haud
1529 2675 1649 2715 dubie

119 2747 236 2785 unice
269 2757 364 2785 vera
397 2750 457 2784 est
488 2746 633 2786 altera:
674 2747 808 2786 Sensit
838 2747 1016 2799 Aethra,
1058 2748 1183 2799 filium
1226 2759 1315 2786 esse
1352 2745 1486 2798 Aeyei.
1556 2745 1645 2785 Non

116 2816 224 2870 quod
259 2821 375 2857 antea
404 2817 442 2856 id
474 2817 725 2870 ignorasset:
762 2821 845 2873 ipsa
876 2821 981 2860 enim
1004 2819 1210 2873 gravidam
1242 2829 1286 2859 se
1318 2829 1409 2858 esse
1431 2829 1481 2857 ex
1499 2817 1643 2872 Aegeo
