1856 3126
849 128 1150 164 —2?6—

243 242 380 292 chius,
411 243 592 294 itemque*
611 237 861 295 Favorinus,
891 245 967 283 ita:
995 241 1202 293 Ἑκάλειος
1223 243 1356 292 Ζιιῖς-
1393 241 1438 284 ὃν
1462 243 1608 299 Ἑκάλη
1635 243 1759 300 ἱδρύ-

241 328 354 353 σατο.
416 314 500 353 Etsi
532 314 814 356 Callimachum
847 317 994 368 respici
1026 315 1075 355 ab
1106 315 1306 368 Hesychio
1335 328 1416 356 non
1440 316 1620 358 dixerim.
1658 319 1758 359 For..

243 387 351 423 tasse
382 384 616 438 Hesychius,
644 391 685 426 ut
707 387 957 437 Plutarchus,
994 388 1044 428 ad
1064 387 1339 428 Philochorum
1359 393 1526 440 spectat,
1557 374 1622 442 qui
1640 392 1759 430 etiam

244 454 294 494 de
328 456 486 507 origine
525 458 761 510 religionum
796 460 1090 513 imaginumquc
1122 462 1431 505 consecratione
1463 459 1686 513 disputabat
1718 464 1758 502 in

244 539 367 578 opere
399 540 496 569 suo:
531 543 569 569 v.
598 529 769 582 llesych.
801 529 1027 582 Ἀγοραῖος
1045 530 1207 583 Ἑρμῆς.
1265 533 1355 572 Utut
1386 534 1448 582 sit,
1478 544 1558 572 non
1582 533 1631 572 ab
1654 535 1761 576 omni

243 605 355 652 parte
390 613 526 640 verum
558 613 649 641 esse
682 607 801 654 puto,
832 603 937 654 quod
968 603 1085 643 tradit
1113 603 1347 655 Hesychius.
1388 604 1468 660 ⁴Ab
1501 604 1650 644 Hecale
1680 617 1760 658 po-

244 672 360 712 situm
392 684 484 712 esse
514 673 646 713 lovem
671 674 897 724 lloealeum,
929 674 1044 726 plane
1073 685 1153 714 non
1181 675 1388 727 probabile
1419 681 1492 719 est.
1548 677 1635 717 Hoc
1663 690 1761 730 pro-

244 743 400 795 babile,
429 747 601 797 positum
636 759 727 786 esse
759 751 847 799 post
887 747 1035 787 obitum
1068 736 1238 788 Hecales
1275 762 1295 789 a
1330 748 1510 800 Theseo,
1547 750 1613 792 vel
1651 751 1762 791 iussu

246 817 418 869 Thesei3
449 823 487 859 et
516 831 566 858 ex
594 823 688 858 voto
719 818 900 859 Hecales.
958 819 1057 859 Vota
1086 819 1171 859 lovi
1194 819 1346 860 fecerat
1362 821 1509 862 Hecale
1531 833 1603 874 pro
1631 823 1760 862 reditu

246 892 404 932 Thesei.
461 892 633 945 Legatur
662 891 903 931 Plutarchus.
961 893 1090 943 Atque
1123 892 1352 932 conseratur
1379 892 1571 935 Molorchi
1616 893 1760 934 sabula.

246 965 336 1004 Non
367 976 534 1017 magnus
574 969 704 1003 autem
739 975 854 1002 error
885 963 1072 1015 llcsychii
1104 968 1184 1002 est:
1217 964 1322 1015 quod
1352 965 1455 1010 enim
1484 969 1551 1005 tuo
1584 977 1635 1005 cx
1667 970 1763 1006 volo

249 1037 348 1076 alius
380 1036 650 1083 dedicaverit,
679 1035 717 1074 id
749 1036 834 1086 ipse
865 1035 1078 1075 dedicasse
1109 1035 1324 1075 videberis.

359 1108 407 1146 Et
435 1108 563 1147 dicam
594 1107 673 1147 hoc
705 1108 743 1146 in
777 1106 882 1156 loco,
912 1119 983 1147 cur
1013 1107 1053 1146 in
1086 1106 1384 1159 Prolegomenis
1418 1117 1465 1157 p„
1487 1106 1524 1146 2.
1557 1109 1597 1145 et
1623 1118 1662 1158 p.
1699 1107 1762 1150 18.

250 1178 317 1217 ubi
349 1178 398 1217 dc
432 1178 615 1218 Petronio
655 1178 806 1230 agitur,
843 1177 1092 1230 Etymologis
1134 1177 1250 1217 fidem
1290 1177 1573 1230 denegaverim
1612 1178 1652 1217 in
1695 1191 1762 1229 eo,

250 1250 356 1302 quod
387 1251 460 1302 ipsi
491 1250 755 1289 sacrificatum
788 1261 879 1289 esse
909 1249 1082 1289 necatae
1122 1248 1292 1289 tradunt.
1350 1249 1487 1289 Dicam
1517 1254 1650 1290 autem
1674 1255 1781 1290 nia--

247 1324 354 1362 xime
387 1327 548 1373 propter
574 1322 857 1372 Welckerum,
900 1323 1026 1361 virum
1072 1321 1345 1362 doctissimum
1388 1326 1428 1362 et
1469 1322 1765 1372 amicissimum,

250 1405 366 1446 quem
399 1393 580 1443 memini,
611 1405 726 1445 quum
757 1392 1043 1446 Prolegomena
1090 1397 1128 1432 et
1159 1393 1295 1445 Capita
1335 1393 1558 1446 posteriora
1595 1385 1767 1446 quatuor

251 1468 418 1520 primum
452 1479 473 1506 a
504 1478 566 1505 me
596 1466 701 1505 edita
735 1465 925 1515 fuissent,
955 1478 1006 1505 ex
1034 1478 1096 1505 me
1130 1477 1346 1518 quaerere,
1375 1478 1456 1505 cur
1483 1458 1562 1505 non
1593 1468 1765 1518 potuerit

250 1539 425 1580 Hecalae
455 1539 686 1578 sacrificari.
747 1539 937 1578 Concedo
964 1539 1139 1590 potuisse
1164 1538 1262 1578 fieri.
1320 1538 1459 1590 Neque
1482 1538 1560 1578 hoc
1582 1551 1764 1592 negave-

249 1624 359 1652 ram:
395 1615 554 1663 praesto
587 1612 692 1650 enim
724 1616 809 1650 erat
839 1624 891 1651 ex
920 1611 1115 1651 Plutarchi
1143 1610 1299 1650 Theseo
1331 1610 1546 1661 Connidas,
1575 1603 1607 1666 ᾧ
1634 1613 1763 1663 μέχρι

250 1685 327 1723 νῦν
355 1684 579 1735 Ἀθηναῖοι
617 1684 696 1739 μιᾷ
724 1681 927 1735 πρότερον
965 1681 1098 1738 ἡμέρᾳ
1133 1683 1215 1722 τῶν
1249 1670 1583 1735 Θησείωνγκριόν
1622 1682 1764 1735 ἐναγί-

252 1756 371 1804 ζουσι
398 1757 655 1807 μεμνημένοι
691 1755 761 1794 καί
793 1756 990 1805 τιμῶντες
1022 1751 1126 1794 πολι)
1161 1751 1441 1805 δικαιότερον,
1471 1750 1498 1807 ἢ
1530 1755 1764 1794 Σιλανίωνα

250 1827 404 1874 τιμαῖσι
435 1827 504 1865 καί
536 1822 820 1879 Παζίῥάοιον,
860 1825 1032 1865 εἰκόνων
1064 1825 1233 1877 Θησέως
1268 1830 1444 1881 γραφεῖς
1476 1823 1551 1864 καί
1579 1823 1765 1872 πλάστας

250 1899 510 1949 γενομένους.
571 1897 644 1946 Qui
674 1895 870 1953 ἐπιστάτῃ
903 1898 1048 1937 Thesei
1081 1901 1121 1935 et
1153 1897 1406 1952 παιδαγωγῷ
1436 1907 1655 1938 concessus
1687 1896 1765 1935 ho-

253 1980 355 2019 nor,
388 1968 524 2020 quidni
554 1969 660 2009 idem
690 1970 871 2022 hospitae
913 1969 1017 2009 bene
1048 1970 1215 2008 merenti
1261 1968 1407 2009 suerit?
1462 1968 1606 2008 Verum
1646 1979 1766 2020 quum

253 2039 351 2080 (luas
382 2041 559 2088 viderem
588 2043 838 2082 narrationes
867 2053 972 2091 csse,
1006 2053 1122 2080 unam
1154 2040 1372 2080 Plutarchi:
1404 2037 1530 2080 ἔθυον
1558 2038 1763 2092 γάρἙκα-

250 2112 377 2166 λήσια
410 2110 447 2152 οἱ
477 2115 596 2166 πέριξ
635 2114 757 2167 δῆμοι
805 2108 1018 2160 συνιόντες
1042 2111 1235 2167 Ἑκαλεήί)
1265 2111 1360 2164 Διΐ,
1389 2111 1462 2150 καί
1500 2102 1765 2166 τὴνῘΕκάλην

251 2185 434 2236 ἐτίμων,
464 2183 676 2239 Ἑκαλίνην
705 2183 1071 2237 ὑποκοριζόμενοι,
1106 2180 1176 2222 διὰ
1215 2181 1258 2223 τὸ
1297 2183 1487 2235 κάκείνην
1529 2183 1620 2221 νέον
1662 2174 1763 2220 ὄντα

250 2257 400 2311 κομιδῇ
423 2254 494 2296 τὸν
516 2258 657 2310 Θησέα
679 2258 916 2306 ξενίζουσαν
934 2260 1010 2295 ete.
1070 2255 1230 2295 alteram
1259 2254 1608 2306 Elymologorum:
1636 2248 1764 2292 ἔθυον

253 2328 297 2368 δὲ
331 2329 438 2383 αὐτῇ
469 2325 536 2368 διὰ
574 2327 619 2369 τό
650 2327 807 2379 gaviam
840 2327 1005 2382 Θησέαε
1039 2327 1132 2367 mihi
1160 2328 1292 2379 potior
1322 2326 1537 2367 auctoritas
1556 2323 1763 2375 Plutarchi,

251 2398 579 2453 Etymologorum
620 2412 718 2440 vero
759 2401 935 2450 narratio
978 2400 1155 2439 derivata
1198 2404 1314 2451 atque
1361 2401 1565 2438 contracta
1609 2409 1659 2436 ex
1697 2394 1762 2435 illa

251 2471 433 2522 pleniore
474 2478 590 2524 atque
627 2457 876 2512 accuratiore
906 2473 1159 2522 narratione,
1191 2473 1303 2524 cuius
1342 2475 1482 2511 testem
1516 2457 1763 2508 Plutarchum

250 2543 458 2593 habemus,
491 2545 710 2584 videbatur.
756 2544 812 2583 'In
844 2556 891 2583 ea
921 2548 1048 2583 autem
1080 2543 1176 2583 nihil
1208 2543 1355 2583 diserte
1383 2541 1432 2581 de
1463 2541 1596 2581 oblato
1625 2539 1763 2579 Heca-

250 2614 312 2654 lae
345 2616 563 2666 sacrificio,
593 2629 639 2656 ac
667 2616 838 2656 suadent
871 2616 1051 2667 opposita
1080 2615 1183 2654 inter
1209 2626 1253 2653 se
1282 2611 1408 2654 ἔθυον
1429 2636 1477 2642 -
1497 2611 1655 2664 ἐτίμων
1684 2610 1762 2651 alio

250 2687 370 2727 modo
403 2688 636 2728 honoratam
669 2699 762 2727 esse
793 2687 980 2727 Hecaten.

363 2759 411 2798 Ut
442 2759 536 2798 nihil
576 2759 750 2799 omittam
776 2770 945 2809 eorum,
990 2770 1092 2810 quae
1131 2757 1374 2796 Hecates.in
1420 2755 1614 2796 honorem
1658 2752 1762 2793 tacta

252 2841 343 2870 esse
374 2841 396 2870 a
426 2830 579 2871 Theseo
611 2831 739 2873 videri
771 2832 938 2883 possint,
967 2830 1199 2872 coniectura
1229 2828 1423 2884 quaedam
1442 2838 1529 2868 mea
1561 2829 1636 2876 est,
1664 2824 1758 2879 Cap.
