1856 3126
129 248 303 295 Aratus,
336 244 458 284 semel
490 244 776 286 llcrmesianax
812 260 848 288 v.
879 248 944 288 61.
982 252 1020 286 et
1065 246 1221 299 quidem
1266 249 1318 288 ita
1359 249 1398 286 ut
1438 244 1491 285 κιὶ
1525 246 1573 285 sit
1605 246 1645 286 in

129 319 234 369 arsi,
271 314 598 368 quemadmodum
633 322 692 356 est
723 317 824 370 apud
855 319 1017 358 Aratum
1046 332 1080 357 v.
1112 319 1198 367 71.;
1233 311 1309 358 κᾶν
1337 317 1552 368 Dionysius
1569 318 1645 356 l'e-

127 392 227 441 ring.
260 388 354 427 885.
391 391 431 426 et
459 398 560 438 quae
601 400 791 440 suppares
820 393 957 428 nostro
991 390 1207 441 scriptores
1237 389 1403 439 similia,
1433 390 1646 430 observata

126 464 331 515 Spitznero
375 460 424 499 de
468 472 585 498 versu
620 459 687 498 Gr.
740 459 823 498 her.
855 471 891 511 p.
929 459 1017 501 178.
1090 459 1297 499 Caeterum
1339 461 1445 512 quod
1490 460 1645 512 scripsi,

129 533 325 575 recedere
355 531 430 571 hac
460 544 503 570 re
537 529 816 570 Callimachum
849 531 897 570 ab
937 530 1107 582 antiquis
1138 531 1266 582 poetis
1296 534 1441 583 epicis,
1474 544 1556 572 non
1586 537 1648 572 est

131 607 179 647 ab
209 606 312 645 omni
334 608 444 656 parte.
476 608 638 642 certum.
698 603 868 653 Certum,
894 603 926 642 si
957 602 1195 654 exemplaria
1218 602 1392 653 Homeri,
1423 616 1648 656 quaenunc

130 679 333 727 seruntur,
375 680 412 715 et
446 675 537 728 quid
575 677 657 727 ipse
697 675 890 727 probasse
924 672 1106 714 videatur
1132 673 1356 725 Homerus,
1397 676 1647 715 consideres.

131 753 192 792 An
228 750 360 790 sciens
390 749 606 787 recesserit
637 745 928 796 Callimachus,
962 746 1168 785 incertum.
1226 746 1379 786 Etenim
1424 759 1539 798 quum
1579 745 1650 787 καί

130 825 262 873 κεῖθι,
292 819 364 860 καί
390 822 527 874 ustie»,
561 815 633 858 κατ’
661 822 813 870 κεῖνος,
845 818 917 857 καί
944 822 1097 870 namt,
1127 818 1235 857 Iliad.
1266 818 1327 859 III.
1356 816 1449 859 409.
1481 820 1564 860 XV.
1581 821 1647 860 45.

135 894 226 934 179.
260 893 359 933 XVI.
386 891 480 931 648.
511 892 744 943 scripturam
778 902 869 930 esse
898 890 1229 942 A7·islat·clzec17n„
1259 891 1408 932 diserte
1440 892 1572 933 Schol.
1600 893 1649 933 A.

128 970 312 1014 moneat,
341 963 447 1004 unde
476 962 654 1015 sequitur
684 963 723 1002 in
757 962 844 1005 aliis
873 962 997 1003 fuisse
1025 964 1205 1011 κιίκεῖθι,
1229 962 1418 1021 κάκείνῳ,
1448 963 1649 1016 nausa-105,

131 1037 340 1087 κάκεῖνον,
376 1037 486 1076 cuius
519 1037 637 1075 etiam
667 1037 887 1088 scripturae
925 1036 1096 1088 vestigia
1135 1037 1173 1075 in
1214 1036 1361 1076 nostris
1397 1049 1501 1076 nunc
1539 1036 1651 1076 libris

133 1114 345 1162 supersunt
380 1113 458 1147 tum
492 1108 553 1147 his
583 1108 619 1147 in
651 1108 766 1157 locis,
798 1113 874 1147 tum
910 1108 949 1146 in
977 1108 1064 1147 aliis
1084 1108 1296 1158 nonnullis,
1325 1110 1412 1161 quis
1445 1108 1649 1157 decernat,

128 1187 256 1221 utrum
289 1181 395 1220 hanc
427 1192 474 1219 an
508 1180 609 1219 illam
649 1179 880 1231 scripturam
912 1179 1172 1219 Callimachus
1204 1181 1242 1219 in
1275 1191 1348 1220 suo
1379 1180 1554 1219 Homero
1586 1181 1652 1220 in·-

130 1254 287 1293 venerit
316 1258 432 1304 atque
461 1252 706 1304 agnoverit?
763 1251 866 1290 Add.
906 1251 1038 1291 Schol.
1077 1252 1182 1310 vict..
1219 1253 1256 1292 in
1298 1252 1407 1292 Iliad.
1437 1252 1520 1293 XV.
1558 1253 1646 1293 179.

125 1325 257 1368 Schol.
290 1324 394 1364 Harl.
427 1324 464 1362 in
497 1323 640 1375 Odyss.
667 1323 804 1363 XVIII.
842 1324 931 1364 150.
995 1325 1105 1372 Quae
1147 1325 1236 1364 olim
1282 1323 1530 1374 edebantur,
1575 1317 1653 1365 κᾶν

125 1397 236 1438 Iliad.
268 1397 315 1436 V.
353 1396 443 1436 973.
477 1400 516 1434 et
548 1393 678 1444 κιὶμοί
701 1394 809 1435 Iliad.
832 1395 936 1435 XXI.
974 1396 1063 1436 110.
1094 1408 1197 1436 nunc
1229 1395 1391 1448 expulsa
1422 1401 1522 1436 sunt.
1582 1408 1653 1436 re-

125 1475 203 1511 stat
230 1466 344 1521 κάγώ
374 1468 483 1508 Iliad.
519 1467 622 1508 XXI.
659 1469 748 1509 108.
784 1473 823 1508 et
855 1481 993 1508 rursus
1023 1470 1073 1508 ita
1098 1469 1282 1521 positum,
1310 1473 1352 1508 ut
1381 1481 1452 1521 per
1484 1474 1650 1508 metrum

126 1554 208 1583 non
243 1543 361 1582 liceat
391 1541 528 1591 aliter,
571 1540 706 1593 hymn.
737 1542 776 1581 in
805 1541 927 1581 Merc.
964 1541 1054 1581 173.
1096 1541 1162 1581 ubi
1204 1542 1357 1581 notavit
1399 1541 1653 1581 insolentiam

126 1613 229 1655 Frid.
262 1612 430 1653 Franke.
487 1613 699 1653 Praeterea
723 1613 853 1652 crasin
885 1612 1071 1659 κάκεῖνος
1100 1614 1271 1652 sortasse
1295 1612 1511 1653 auctoritas
1531 1624 1650 1652 com-

129 1687 344 1729 mendabat
374 1686 560 1735 Hesiodi,
590 1679 702 1739 Ἔργ.
736 1686 828 1728 293.
858 1686 924 1725 ubi
965 1687 1002 1725 in
1035 1686 1181 1725 nostris
1213 1689 1322 1725 certe
1360 1685 1498 1736 libris,
1543 1685 1650 1738 quod

127 1762 265 1811 sciam,
299 1759 480 1799 omnibus
511 1759 696 1805 κάκεῖνος
721 1763 792 1799 est.
852 1764 891 1798 et
911 1752 987 1797 κᾶν
1018 1758 1110 1798 ibid.
1132 1758 1226 1797 355.
1284 1756 1361 1796 κοῖκ
1381 1758 1531 1811 Theog.
1553 1755 1650 1798 447.

127 1831 338 1873 Recordor
368 1830 471 1870 aliud
515 1831 661 1870 crassis
693 1832 729 1870 in
769 1830 844 1868 καί
878 1830 992 1869 valde
1037 1830 1233 1882 antiquum
1276 1831 1518 1883 exemplum,
1561 1830 1650 1870 Asii

129 1903 233 1957 apud
263 1903 429 1943 Pausan.
464 1902 508 1943 Il.
543 1903 590 1955 6,
619 1902 656 1943 4.
691 1904 795 1956 quod
831 1908 959 1943 tamen
1002 1915 1081 1942 non
1123 1903 1210 1954 sic,
1256 1903 1495 1957 κιῖμφιόνα,
1537 1916 1650 1944 more

129 1977 274 2025 attico,
299 1974 371 2015 sed
403 1975 544 2027 plene,
575 1976 646 2015 καί
669 1969 895 2030 Ἀμφίονα,
927 1974 1180 2015 scribendum
1209 1987 1301 2015 esse
1332 1976 1527 2016 statuebat
1548 1977 1649 2017 Her-

127 2059 308 2089 mannus.
360 2059 436 2099 qua
467 2047 623 2087 ratione
664 2047 780 2087 etiam
821 2047 919 2089 alias
962 2047 1150 2101 expedire
1194 2047 1384 2087 molestas
1429 2060 1565 2088 crases
1608 2049 1647 2088 in

129 2127 312 2176 promptu
343 2126 416 2161 est.

241 2264 327 2304 Fuit
359 2275 474 2316 quum
506 2262 683 2304 Theseus
713 2268 779 2304 aut
809 2264 903 2317 Cap.
934 2264 995 2304 111.
1024 2268 1090 2305 aut
1120 2263 1222 2305 infra
1255 2263 1348 2317 Cap.
1376 2262 1473 2304 VIII.

299 2335 369 2376 ἀεῖ
394 2336 623 2389 περιδέξιος
653 2331 764 2390 ἥρως
795 2337 954 2377 audisse
985 2337 1216 2378 videbatur:
1244 2337 1473 2380 Callim.F1·.
1491 2334 1649 2376 CCCIII.

135 2407 280 2447 Verum
310 2420 357 2447 ea
388 2409 562 2461 opinatio
595 2409 699 2450 nulla
733 2415 804 2460 est,
836 2423 950 2462 quim
982 2410 1125 2452 Suidas
1155 2424 1192 2450 v.
1225 2410 1473 2464 Περιδέξιος
1502 2408 1648 2448 diserte

134 2480 368 2532 sapientem,
400 2478 545 2535 σοφόν,
579 2482 793 2534 significari
823 2483 883 2523 his
905 2483 1132 2523 Callimachi
1161 2482 1294 2521 verbis
1323 2481 1480 2520 doceat.
1528 2480 1650 2533 Igitur

135 2553 427 2606 significatione
456 2553 640 2593 vocabuli
670 2552 899 2605 περιδέξιος
927 2567 1007 2595 non
1035 2555 1209 2608 propria,
1239 2566 1354 2607 quam
1387 2551 1649 2593 Callimachus

136 2630 344 2678 acceptam
375 2625 546 2665 sortasse
579 2625 627 2665 ab
657 2626 926 2678 Aristophane
959 2640 1046 2667 cum
1078 2626 1345 2667 sectatoribus
1376 2625 1473 2676 suiS,
1503 2625 1648 2665 Nonno

135 2698 292 2752 Evang.
325 2698 461 2738 Ioann.
492 2696 593 2737 XIII.
615 2698 676 2738 14.
711 2698 860 2738 Ioanne
878 2700 970 2739 Gaz.
998 2700 1024 2738 l.
1043 2700 1108 2740 71.
1141 2700 1459 2754 communicavit,
1490 2703 1649 2756 alicubi,

136 2770 307 2812 fortasse
339 2770 389 2811 de
422 2770 673 2824 philosopho,
706 2770 769 2810 vel
801 2770 964 2810 aliarum
995 2772 1133 2812 artium
1161 2773 1304 2827 perite,
1333 2774 1479 2817 dIctum
1508 2776 1649 2817 fuerit:

488 2839 572 2890 οἷος
605 2845 756 2891 ἐκεῖνος
786 2843 855 2883 αἐἰ
881 2844 1108 2907 nemag-‘gog
1136 2842 1258 2898 ἥρως.
