1856 3126
744 117 1020 153 —69-

116 236 243 273 terum
272 230 503 283 simplicitas
533 229 753 270 fabularum
792 231 1000 272 reddenda
1035 235 1145 283 erat,
1189 243 1269 272 non
1309 230 1381 271 suit
1420 229 1561 270 anxius
1605 232 1645 268 et

114 317 234 357 supra
264 302 422 342 modum
454 300 722 352 verecundus,
755 302 862 353 quod
896 303 1071 342 ostendit
1103 303 1249 355 hymno
1282 303 1322 342 in
1353 302 1488 340 lovem
1519 312 1555 339 v.
1581 300 1644 339 15.

114 388 200 428 sqq.
233 371 300 414 44.
332 375 384 413 ita
415 385 490 412 nec
523 372 761 412 libidinosus
789 377 906 425 poeta
941 373 1023 412 suit.
1085 375 1208 421 Quem
1228 374 1480 414 libidinosum
1503 373 1643 413 merito

115 447 289 496 dixeris,
315 445 520 496 Nonmun,
552 456 603 484 ex
633 445 719 484 eius
752 444 828 483 hac
864 444 913 483 de
946 457 989 484 re
1018 445 1119 484 locis
1157 447 1241 484 erui
1287 458 1431 497 posse,
1463 446 1644 484 detracta

114 531 191 569 ea,
223 529 324 569 quae
355 517 515 569 propria
545 517 705 568 Nonno,
735 517 905 567 luxuria,
938 517 1060 556 verba
1091 521 1352 568 putaveram,
1387 519 1528 568 quihus
1561 516 1646 556 sere

115 601 201 631 rem
240 589 488 629 declarasset
521 589 799 629 Callimachus.
869 589 948 630 Sed
988 589 1083 628 nihil
1128 590 1226 628 certi
1275 589 1420 628 efficio.
1490 589 1646 626 interea

114 665 368 714 comparetur
396 661 559 700 Nonnus
590 661 691 701 Xlll.
726 662 817 700 171.
846 673 931 713 sqq.
963 661 1118 703 XXVll.
1142 661 1232 700 110.
1251 672 1336 712 sqq.
1377 660 1520 700 XXIX.
1548 659 1646 699 335.

113 745 199 786 sqq.
234 733 528 772 XXX111.1<24.
559 733 654 773 XLI.
673 732 739 772 63.
765 745 823 785 sq.
854 732 1021 772 XLVIII.
1042 732 1138 772 956.
1195 732 1325 771 Veluti
1355 731 1458 783 quod
1490 731 1539 769 de
1568 742 1646 782 po-

112 805 285 845 steriore
312 804 540 844 Erechtheo
573 804 674 856 apud
706 805 914 855 Nonnum,
947 804 987 844 id
1023 804 1126 857 apud
1158 803 1439 844 Callimachum
1470 802 1649 842 similiter

113 875 163 915 de
186 875 343 915 Theseo
375 875 521 914 dictum
558 875 698 915 suerit:
730 875 802 915 καί
828 875 907 929 γὰρ
939 873 1098 915 ἐκείνου
1183 870 1289 925 αἷμα
1318 875 1446 928 φέρεν
1466 872 1648 923 περίπυ-

111 961 210 987 στον
234 946 480 999 Ἐρεχθέος,
521 945 566 988 ὁί)
598 963 694 989 ποτε
722 973 778 980 -—
809 953 847 988 et
877 961 979 1000 quae
1011 949 1086 988 alia
1131 947 1245 987 ludas
1291 946 1446 986 similia.
1521 944 1647 990 Quam

111 1019 284 1059 nominis
317 1018 568 1060 Erichthonii
611 1020 920 1073 etymologiam,
966 1018 1021 1067 ὥς
1064 1017 1145 1057 cim}
1195 1017 1270 1057 τοῦ
1306 1014 1421 1068 ἐρίου
1464 1012 1537 1054 καί
1574 1014 1650 1065 τῆς

108 1086 289 1142 χθονός,
321 1091 476 1130 scholia
510 1091 698 1141 Homeri,
732 1102 820 1130 cum
857 1091 944 1131 aliis
976 1101 1225 1129 conununem
1260 1088 1449 1137 testibus,
1482 1085 1646 1134 habeut,

112 1161 316 1212 quaeritur
348 1174 395 1200 an
428 1174 478 1201 ex
513 1162 755 1201 Callimacho
793 1162 978 1201 habeant.
1040 1160 1156 1208 Quod
1201 1170 1278 1211 ego
1321 1158 1518 1198 affirmare
1565 1167 1648 1196 non

112 1232 259 1272 audeo.
319 1232 425 1272 Alibi
457 1233 617 1284 quidem
651 1233 710 1272 sic
742 1234 847 1272 solet
875 1234 1140 1284 ἐτυμολογεῐι·
1160 1230 1437 1278 Callimachus,
1463 1234 1519 1276 ut,
1544 1240 1647 1280 quae

112 1305 243 1344 statim
277 1303 316 1342 in
347 1315 505 1343 manum
537 1304 716 1355 exempla
750 1304 928 1352 veniunt,
955 1304 992 1342 h.
1026 1303 1110 1341 Iov,
1141 1300 1207 1341 44.
1241 1302 1278 1340 5.
1310 1300 1348 1339 11.
1381 1300 1510 1351 Apoll.
1539 1299 1648 1339 97-

116 1374 206 1414 103.
237 1373 275 1413 h.
305 1372 420 1412 Dian.
457 1374 546 1413 197.
579 1386 639 1426 sq.
672 1374 709 1413 h.
739 1374 825 1414 Del.
861 1375 926 1416 157.
962 1374 998 1413 8.
1032 1373 1155 1412 52.3.
1195 1372 1351 1423 Fragm.
1384 1382 1444 1422 ap.
1478 1371 1650 1423 Etymol.

111 1459 150 1499 p.
184 1446 282 1494 372,
313 1444 352 1484 4.
386 1445 492 1497 quod
523 1445 766 1485 Callimacho
796 1445 1119 1484 Hemsterhusius
1150 1445 1198 1483 ad
1228 1443 1376 1482 Callim.
1400 1454 1437 1493 p.
1456 1440 1550 1483 423.
1585 1441 1648 1481 ed.

112 1518 207 1558 Ern.
243 1516 435 1568 vindicat,
469 1522 508 1557 et
539 1518 644 1557 haud
680 1518 798 1557 dubie
832 1518 990 1570 saepius
1023 1519 1061 1556 in
1091 1518 1241 1565 Actiis3
1271 1520 1313 1555 ut
1341 1517 1465 1567 ipsius
1501 1524 1648 1552 nomen

113 1592 395 1642 interpretatus
426 1592 486 1627 est
520 1588 704 1628 Hecales.
766 1589 977 1628 Caeterum
1010 1587 1251 1628 Pallantidae
1281 1587 1475 1626 leescum
1500 1585 1651 1637 genui-

113 1675 206 1703 nam
239 1672 332 1702 esse
363 1660 696 1700 Erechthidarum
737 1662 972 1712 progeniem
1005 1660 1234 1712 negabant:
1277 1658 1474 1699 Plutarch.
1515 1670 1551 1696 c.
1587 1657 1651 1699 13.

117 1735 205 1782 Quo
236 1733 409 1785 pertinet
441 1732 736 1784 quodammodo
772 1733 872 1771 scita
907 1732 1128 1771 Pausaniae
1163 1730 1241 1770 Vll.
1276 1730 1339 1780 17,
1371 1730 1409 1769 7.
1451 1729 1651 1768 observa-

115 1808 185 1857 tio,
216 1804 323 1858 quod
353 1803 405 1843 ad
435 1803 703 1843 Erechtheum
733 1815 861 1855 genus
892 1803 1091 1842 referatur
1121 1803 1279 1852 Thesei,
1308 1801 1348 1841 id
1377 1812 1457 1840 non
1489 1799 1651 1852 proprie

116 1876 396 1930 accipiendum
425 1887 540 1915 esse:
570 1872 618 1915 τά
650 1872 728 1927 γάρ
763 1869 1025 1927 ἀρχαιότερα
1057 1869 1246 1925 ὀνόματα
1280 1873 1321 1920 ἐς
1351 1870 1519 1924 ποίησιν
1550 1866 1654 1910 ἑπά-

115 1950 268 2003 γεσθαι
300 1948 384 1986 τῶν
414 1945 604 1999 ὑστέρων
636 1942 895 1997 καθεστηκός
917 1938 1254 1997 ἐστιντἙλλνΙσιν,
1285 1940 1356 1982 καί
1384 1937 1656 1996 Ἀμφιάραόν

116 2035 159 2061 τε
183 2020 254 2059 καί
272 2014 513 2069 ”Αὸραστον
547 2014 841 2068 Φορωνείδας,
875 2013 967 2055 καί
996 2015 1066 2068 Ἑρ
1085 2017 1217 2066 εχθε
1235 2014 1356 2066 ι’δην
1386 2013 1586 2062 ἐπονομ
1600 2007 1652 2050 α’-

120 2093 280 2141 ζουσι
318 2086 406 2129 τὸν
436 2088 625 2142 Θησέα.

228 2160 385 2202 Deinde
415 2158 518 2211 apud
546 2159 737 2198 Pittheum
770 2170 886 2198 avum
915 2158 1126 2198 educatum
1155 2158 1276 2197 fuisse
1301 2156 1497 2196 Theseum
1528 2153 1652 2194 Calli-

120 2232 286 2274 machus
315 2231 548 2271 tradiderat.
606 2231 762 2283 Fragm.
790 2243 811 2270 a
843 2230 1083 2282 Spanhemio
1115 2229 1271 2269 collect.
1290 2241 1325 2280 p.
1346 2227 1441 2267 406.
1473 2224 1652 2266 XXXVI.

121 2305 186 2345 ed.
215 2303 308 2344 Ern.
342 2302 498 2355 Fragm.
529 2301 670 2341 Bloms.
702 2301 801 2343 DlV.
841 2313 892 2340 ex
929 2300 1064 2342 Schol.
1099 2300 1298 2351 Euripidis
1332 2300 1369 2337 in
1404 2296 1555 2348 liippol.
1590 2296 1652 2334 11.

293 2398 343 2404 —
373 2373 473 2425 παρ’
505 2373 618 2426 αύτῷ
649 2371 843 2421 (Pittheo)
870 2372 936 2421 δὲ,
966 2373 1109 2425 φασίν,
1142 2369 1161 2410 ὁ
1197 2368 1363 2423 &rso-52³9
1394 2364 1657 2416 ἐπαιδεύετο,

291 2441 347 2490 ὥς
376 2442 448 2484 καί
476 2445 756 2496 Καλλίμαχος
783 2446 1002 2496 μαρτυρεῖ.

120 2514 164 2554 111
193 2513 358 2563 Hecale,
386 2518 428 2553 ut
457 2515 618 2553 coniicit
649 2514 930 2553 Blomsieldius.
992 2511 1106 2560 Quod
1139 2516 1177 2550 et
1209 2522 1276 2550 res
1307 2509 1463 2558 suadet,
1498 2508 1530 2547 si
1564 2507 1656 2559 qui-

123 2583 213 2624 dem
244 2596 437 2636 nusquam
484 2585 524 2624 id
556 2586 683 2636 poluit
716 2587 842 2636 aptius
875 2584 1138 2624 Callimachus
1174 2594 1288 2634 quam
1328 2581 1366 2619 111
1410 2578 1582 2627 llecale,
1616 2582 1656 2617 et

123 2655 286 2695 omnino
318 2657 447 2696 veteri
482 2655 682 2707 Euripidis
715 2656 941 2707 interpreti,
973 2667 1052 2693 non
1084 2654 1201 2701 huic,
1242 2665 1264 2691 a
1301 2662 1378 2702 quo
1413 2661 1519 2689 nunc
1552 2661 1657 2689 con-

119 2727 280 2767 cinnata
311 2727 465 2769 scholia
484 2727 688 2778 habemus,
720 2725 791 2765 sed
813 2725 1039 2777 antiquiori,
1065 2723 1115 2763 ad
1138 2735 1295 2763 manum
1316 2721 1491 2761 Hecalen
1516 2720 1656 2770 luisse,

121 2810 240 2850 quum
274 2803 612 2840 commentaretur
641 2799 681 2838 in
709 2796 973 2850 Hippolytum,
1001 2795 1093 2846 duo,
1122 2800 1283 2848 praeter
1312 2793 1434 2844 hunc,
1465 2794 1505 2833 in
1534 2791 1660 2832 scho—
