1856 3126
775 110 1083 147 —267—

274 226 398 272 Quam
428 225 545 264 etiam
572 225 769 265 Meursius
802 227 839 265 in
869 226 1025 265 Theseo
1057 237 1090 264 c.
1128 225 1188 265 10.
1223 228 1262 263 et
1298 234 1435 263 rursus
1466 222 1516 261 de
1546 222 1688 274 Regia.

160 295 307 336 Athen.
341 295 403 335 111.
436 296 474 335 3.
508 298 713 336 annotavit
746 298 795 336 ‹le
826 309 890 347 e0,
921 297 986 350 qui
1007 296 1271 336 immolaverit
1301 300 1467 344 taurum,
1497 293 1693 333 differen-

160 369 280 417 tiam,
307 368 384 407 iam
414 367 526 420 tetigi
557 368 649 420 Cap.
680 369 742 408 Vl.
772 382 808 421 p.
843 370 936 409 205.
970 381 1030 421 sq.
1087 369 1174 421 Ego
1207 380 1228 407 a
1260 367 1416 407 Theseo
1446 366 1690 405 immolatum

158 444 311 479 taurum
346 450 438 478 esse
467 439 676 479 Plutarcho
711 440 1011 491 Pausaniaeque
1044 439 1233 493 credam,
1265 451 1345 480 non
1378 439 1426 478 ab
1459 439 1618 491 Aegeo,
1649 442 1692 478 ut

157 511 371 551 Diodorus.
446 510 532 551 Mos
582 511 740 562 quidem
796 516 834 551 et
878 512 1008 561 ratio,
1054 517 1239 563 quantum
1282 512 1429 562 viden,
1482 516 1691 563 utrumque

156 583 453 634 permittebant3
497 583 560 622 vel
598 585 717 623 etiam
766 589 806 623 ut
851 583 1074 635 bipartitum
1116 595 1256 622 munus
1286 595 1459 623 sacrum·
1484 585 1586 624 inter
1614 596 1691 636 pa-

156 658 257 693 trem
306 658 346 694 et
394 654 512 693 tilium
559 660 680 694 esset.
756 656 806 695 At
854 653 1164 704 Callimachum,
1209 655 1276 694 ubi
1323 656 1501 695 variaret
1541 654 1688 706 sabula,

156 725 343 778 quicquid
374 731 513 778 posset
545 727 805 766 honorificum
839 727 990 776 videri,
1024 727 1063 766 in
1094 726 1290 765 Theseum
1321 727 1542 766 contulisse
1571 731 1691 779 puta-

153 798 293 838 verIm.

260 870 320 909 De
350 870 477 910 Diana
519 869 769 911 Marathonia
811 874 1077 910 commentum
1116 869 1268 911 Natalis
1310 870 1474 909 Comitis
1513 868 1683 909 vitlimus

155 941 248 994 Cap.
281 942 345 982 Vl.
378 955 415 994 p.
449 942 541 983 220.

262 1013 490 1053 Dictionem
535 1015 640 1067 quod
683 1015 849 1063 attinet,
879 1017 1040 1065 practer
1069 1006 1262 1065 ἄστυρον,
1293 1009 1497 1062 ἐλινύειν,
1527 1017 1567 1052 et
1596 1024 1687 1052 ma-

152 1084 258 1124 xime
292 1079 442 1136 ἄργος,
476 1087 714 1126 observetur
745 1085 1025 1138 ἅγγελιώτης,
1055 1097 1172 1137 quam
1203 1096 1344 1124 vocem
1378 1085 1501 1124 semel
1533 1085 1571 1124 in
1602 1085 1687 1137 Hy-

152 1159 255 1195 mnis
287 1157 336 1196 ab
379 1157 554 1197 Homero
594 1162 850 1209 usurpatam,
893 1169 1025 1209 neque
1060 1157 1247 1207 multum,
1290 1156 1397 1208 quod
1445 1156 1595 1205 sciam,
1637 1155 1687 1195 ab

153 1227 268 1279 aliis,
301 1229 565 1269 Callimachus
598 1234 635 1269 et
675 1230 715 1269 in
746 1230 901 1282 Fragm.
935 1229 1242 1269 CCLXXXVllI.
1276 1234 1315 1268 et
1347 1231 1387 1269 in
1422 1228 1569 1280 hymno
1600 1227 1685 1266 Iov.

151 1299 218 1341 68.
252 1301 386 1352 habet,
417 1306 456 1341 et
486 1302 731 1353 α’γγελιῶτις
764 1302 801 1340 h.
834 1302 872 1339 in
902 1301 987 1340 Del.
1011 1300 1104 1340 216.
1165 1299 1419 1354 α’γγελιώτης
1450 1299 1687 1340 vocabulum

153 1384 271 1424 quum
299 1377 447 1412 tantum
478 1376 658 1411 extremo
692 1372 925 1412 hexametro
955 1377 1087 1424 aptum
1114 1372 1178 1423 sit,
1209 1372 1388 1421 Nonnus,
1418 1373 1483 1424 qui
1506 1372 1688 1424 exceptis

152 1444 379 1484 nominibus
399 1446 585 1496 propriis,
616 1444 744 1496 iisque
768 1457 868 1497 quae
899 1445 1150 1496 propriorum
1174 1445 1300 1484 instar
1326 1449 1429 1494 sunt,
1461 1456 1542 1484 non
1564 1444 1684 1483 multa

152 1527 347 1566 numero,
377 1517 410 1555 si
444 1516 734 1569 longitudinem
766 1521 928 1568 reputes
961 1517 1175 1568 carminis,
1205 1519 1531 1567 πεντασύλλαβα
1565 1527 1616 1555 eo
1648 1515 1689 1555 in

152 1588 245 1628 loco
281 1587 414 1638 habet,
444 1589 514 1628 sed
543 1601 589 1629 ea
621 1590 734 1641 quasi
764 1593 985 1640 numerata,
1015 1594 1056 1629 ut
1087 1589 1170 1628 fere
1200 1600 1360 1640 semper
1380 1589 1522 1628 eadem
1544 1600 1681 1629 recur-

153 1665 268 1700 rant:
314 1661 479 1701 Nonnus
518 1662 637 1714 igitur
669 1660 925 1714 ἀγγελιώτην
964 1661 1089 1701 semel
1121 1666 1269 1701 tantum
1305 1660 1450 1711 habet,
1482 1660 1585 1700 XIII.
1619 1661 1685 1701 36.

153 1733 339 1773 Musaeus
371 1734 454 1783 bis,
486 1747 521 1773 v.
554 1735 591 1774 7.
624 1738 664 1773 et
695 1735 787 1774 237.
824 1734 873 1774 cf.
907 1735 1044 1774 loann.
1079 1735 1172 1773 Gaz.
1206 1734 1300 1774 372.
1333 1733 1510 1782 (11.13.)
1544 1733 1683 1786 Epigr.

150 1820 359 1857 χριστιαν.
391 1805 510 1845 Anth.
532 1806 608 1845 Pal.
640 1806 707 1856 39,
743 1807 776 1846 1.
836 1806 985 1846 Rursus
1016 1803 1206 1855 αόίδιμος
1237 1805 1491 1845 Homericum
1524 1804 1686 1857 quidem

155 1880 230 1926 est,
258 1877 329 1916 sed
361 1890 493 1917 rarum
525 1877 626 1930 apud
656 1879 893 1927 Homerum,
921 1883 961 1918 ut
993 1879 1212 1928 coniicias,
1245 1878 1278 1917 si
1308 1877 1466 1917 multum
1493 1877 1688 1929 frequen-

154 1953 259 1989 tetur
290 1961 312 1989 a
344 1952 663 2001 1·ecenti0ribuS‚
696 1951 925 1992 Callimachi
960 1952 1088 2005 magis
1124 1951 1183 2001 (h.
1214 1950 1239 1990 l.
1282 1950 1437 2003 Fragm.
1471 1949 1615 1989 XLV-²2.
1647 1953 1687 1988 et

154 2022 248 2063 Lav.
280 2024 367 2064 Pall.
395 2025 510 2072 1‘21.)
541 2024 780 2064 auctoritate
805 2036 919 2075 quam
942 2024 1104 2064 Homeri
1133 2022 1393 2075 frequentari.
1456 2019 1686 2060 Cuiusmodi

156 2094 376 2145 vocabula,
409 2094 511 2147 apud
543 2095 757 2135 Homerum
789 2095 1088 2147 Hesioclumque
1118 2105 1239 2142 rara,
1271 2092 1418 2132 deinde
1451 2105 1568 2145 quum
1599 2092 1687 2132 fre-

156 2168 364 2217 quentiora
396 2167 500 2206 sacta
529 2179 604 2206 usu
634 2166 863 2206 Callimachi
894 2170 1055 2217 essent,
1089 2169 1252 2218 propter
1283 2164 1565 2204 Callimachum
1597 2175 1688 2203 ma-

154 2239 260 2278 xime
289 2243 476 2290 usurpata
508 2239 556 2278 ab
588 2239 760 2288 Nonno,
790 2240 954 2290 eiusque
986 2237 1283 2286 sectatoribus,
1318 2249 1404 2276 cum
1439 2236 1551 2285 aliis,
1584 2248 1687 2288 quae

154 2310 270 2362 plane
300 2322 381 2350 non
412 2310 641 2361 Homerica,
671 2310 744 2350 sed
778 2314 860 2349 tota
892 2309 1159 2349 Callimachea
1191 2309 1445 2357 viderentur,
1477 2308 1622 2360 collegi
1648 2308 1687 2347 in

154 2383 365 2422 Prooemio
398 2383 585 2435 quodam,
616 2394 693 2434 quo
725 2382 908 2423 Nonnum
942 2381 1172 2433 comparavi
1205 2393 1293 2420 cum
1324 2380 1580 2420 Callimacho.
1638 2379 1688 2420 Et

153 2467 292 2496 rursus
323 2458 362 2494 in
397 2456 473 2495 alio
504 2456 745 2505 Prooemio,
793 2467 871 2507 quo
908 2454 1145 2507 Gregorium
1177 2454 1424 2506 Theologum
1457 2453 1687 2504 comparavi

156 2541 242 2568 cum
288 2527 543 2567 Callimacho.
621 2527 668 2566 Et
715 2526 908 2576 ἀοίδιμος
953 2526 1140 2579 quidem,
1183 2530 1344 2578 praeter
1388 2524 1684 2576 Callimachum,

151 2601 405 2641 Theocritum
430 2599 552 2649 (Xlll.
584 2599 667 2649 9.),
700 2599 979 2651 Apollonium,
1011 2603 1050 2638 et
1093 2599 1314 2649 scriptores
1357 2599 1683 2650 epigrammatum

154 2672 394 2722 nonnullos,
436 2671 538 2724 apud
572 2671 809 2724 Gregorium
842 2671 1088 2723 Theologum
1131 2670 1300 2709 hahetur
1331 2674 1369 2709 et
1402 2671 1440 2709 in
1473 2670 1560 2709 aliis
1594 2670 1684 2721 epi-

152 2745 384 2799 grammatis
412 2748 732 2796 ygpcottmnxoffg,
766 2742 868 2794 apud
892 2742 1076 2793 Sibyllas,
1108 2740 1391 2793 Apollinarem,
1423 2746 1462 2781 et
1483 2741 1683 2794 Tryphio-

155 2819 307 2860 dorum.
368 2818 511 2858 Verum
549 2816 710 2856 devenit
749 2816 867 2855 etiam
899 2816 936 2855 in
978 2826 1136 2867 prosam
1183 2816 1405 2855 orationem
1443 2815 1682 2867 posterioris
