1856 3126
781 136 1082 173 —166—

163 249 343 289 laborum
376 249 503 298 ordo,
537 250 691 290 illorum
723 263 823 304 quos
855 251 1050 300 vidimus,
1081 252 1144 304 qui
1177 252 1390 292 adstrictus
1423 251 1553 291 ordini
1583 252 1700 292 loco-

161 334 246 362 rum
277 321 555 373 geographico
589 326 674 372 est,
717 327 870 362 mature
902 329 940 363 et
970 324 1105 375 prim,
1147 336 1263 376 quam
1309 323 1489 364 Herculis
1534 323 1696 363 labores

161 395 392 444 coepissent
424 395 461 434 in
498 395 682 434 ordinem
713 407 1000 448 munerumque
1041 397 1255 448 redigere,
1289 397 1377 436 talis
1419 395 1549 435 sactus
1579 400 1697 448 atque

160 467 398 505 constitutus
430 471 504 516 est,
537 479 666 519 neque
694 468 871 508 variatur
900 468 948 508 ab
983 468 1031 507 iis
1061 468 1219 520 quidem
1247 469 1310 521 qui
1339 472 1528 508 accurate
1560 471 1694 521 agunt.

157 535 301 576 Suidas
332 548 491 588 quoque
523 538 563 576 in
592 550 629 578 V.
663 538 839 591 Θησεῑα,
870 538 937 577 ubi
971 538 1074 578 sacta
1095 538 1239 578 Thesei
1267 544 1455 579 recenset
1487 539 1618 579 obiter
1647 551 1696 580 ac

157 607 435 660 negligenter,
463 620 510 648 ea
541 613 702 656 tamen,
736 609 878 661 quibus
927 609 993 648 ille
1038 606 1108 650 τὸν
1151 608 1233 649 α’πὸ
1286 611 1510 662 Τροιζῆνος
1554 611 1697 662 χῶρον

159 674 328 720 ἅπαντα
365 676 491 733 ἄχρις
523 681 717 734 Ἀθηνῶν
749 682 1009 735 purgaverit,
1043 682 1206 737 λῃστῶν
1237 679 1425 731 ἒζιιπλεων
1472 675 1597 733 ὄντα,
1630 680 1695 720 dl·-

159 751 323 804 stinguit
355 753 404 792 ab
438 753 540 803 aliis,
572 757 612 792 et
642 754 816 805 quinque
853 753 1022 800 (omissa
1054 753 1154 802 Suc]
1187 752 1274 801 hos,
1305 752 1572 804 Cercyonem,
1603 752 1696 792 Sci-

157 832 324 872 ronem,
356 822 522 873 Sinnin,
561 823 800 876 Peripheten
834 824 1162 878 (Περίφανον),
1210 823 1480 871 Procrusten,
1515 822 1619 862 inter
1648 834 1695 862 se.

155 892 283 945 iungit
311 895 506 945 proxime.
580 895 684 942 Quid
713 895 834 934 lateat
863 895 935 934 sub
970 894 1034 935 illa
1069 894 1326 946 expeditione
1357 894 1531 941 Thesei,
1565 893 1694 933 latro·-

157 975 329 1016 numque
360 964 543 1016 excidio,
574 967 805 1006 coniectura
840 967 999 1017 assequi
1033 971 1201 1005 conatur
1229 966 1414 1005 Miillerus
1445 966 1630 1006 Doricus.
1663 965 1691 1004 Ι.

157 1049 194 1090 p.
228 1037 321 1076 238.
353 1049 411 1087 sq.
442 1037 539 1076 satis
580 1038 808 1088 ingeniosa.
867 1037 1013 1076 Verum
1044 1036 1111 1086 id,
1144 1036 1334 1088 quidquid
1366 1041 1449 1084 est,
1487 1047 1566 1075 non
1597 1047 1696 1087 spe-

157 1110 239 1147 ctat
266 1107 317 1146 ad
349 1107 643 1157 Callimachum,
672 1107 736 1158 qui
768 1119 986 1147 recensere
1019 1108 1201 1148 facinora
1234 1108 1390 1161 singula
1421 1112 1539 1160 atque
1568 1118 1696 1149 exor-

154 1191 254 1221 nare
282 1190 395 1218 more
427 1179 590 1230 poetico
621 1179 718 1219 satis
755 1178 904 1218 habuit.

268 1251 393 1303 Igitur
422 1251 624 1303 cogitetur
652 1252 861 1304 ingressus
892 1263 1005 1291 suum
1038 1251 1115 1291 iter
1142 1251 1336 1291 Theseus.

266 1322 500 1374 Periphetae
529 1322 606 1362 τοῦ
640 1319 890 1375 Κορυνήτου
929 1323 1075 1362 nullum
1111 1323 1149 1362 in
1184 1323 1432 1374 Fragmentis
1478 1321 1692 1374 vestigium

156 1396 330 1448 reperio.
389 1395 475 1452 Nisi
507 1394 558 1433 de
585 1393 796 1447 Peripheta
829 1394 1106 1447 accipiendum
1139 1396 1189 1434 sit
1208 1395 1363 1447 Fragm.
1386 1394 1692 1437 CCCCXXXlV.

716 1464 770 1505 ἵν’
799 1462 947 1516 {Megia
980 1462 1112 1504 πολλοὶ
1146 1468 1348 1505 τέλεσκεν.

155 1539 223 1579 ubi
261 1551 347 1578 cum
381 1539 532 1578 Lexico
563 1538 663 1591 Reg.
695 1537 773 1578 MS.
805 1550 856 1576 ex
886 1548 965 1589 quo
997 1538 1145 1588 primus
1185 1537 1262 1577 hoe
1296 1538 1512 1589 publicavit
1543 1537 1692 1577 Alber-

156 1612 233 1650 tius
266 1611 315 1650 ad
348 1610 521 1663 Hesych.
554 1609 628 1658 (cf.
660 1608 868 1648 Ruhnken.
909 1609 948 1647 in
982 1608 1119 1660 Epistt.
1151 1609 1278 1650 Tium.
1312 1621 1350 1660 p,
1384 1609 1498 1658 103.)
1536 1621 1690 1649 conve-

155 1682 210 1719 nit
244 1681 426 1721 Zonarac
456 1680 668 1720 Tittmanni
696 1692 733 1732 p.
755 1679 850 1720 689.
909 1680 1056 1719 Verum
1079 1679 1130 1720 ἵν’
1159 1676 1307 1731 ἔλλερα
1337 1678 1469 1720 πολλὰ
1502 1682 1693 1720 τέλεσκεν

157 1752 299 1791 eodem
330 1753 416 1791 iure
453 1752 502 1791 de
545 1751 633 1791 aliis
663 1750 900 1803 perdomitis
934 1763 956 1790 a
994 1750 1149 1791 Theseo
1190 1750 1424 1801 sceleratis,
1458 1750 1508 1790 dc
1537 1751 1689 1801 Sinide‚

153 1824 392 1873 Procrusie,
422 1823 617 1872 Scirone,
650 1821 859 1874 Cercyone
892 1820 1038 1860 dictum
1069 1833 1161 1860 esse
1192 1826 1396 1872 potuerat,
1427 1820 1491 1861 vel
1533 1821 1610 1862 alio
1649 1822 1690 1861 in

155 1899 354 1947 poemate.
415 1894 502 1934 lIoc
531 1895 739 1943 tenuerim,
769 1894 803 1933 si
835 1893 954 1933 suerit
986 1894 1025 1933 in
1044 1893 1207 1941 Hecale,
1238 1894 1365 1945 aptius
1397 1893 1446 1932 de
1469 1893 1691 1946 Peripheta,

155 1966 218 2006 vel
249 1965 402 2015 Sinide,
434 1970 474 2005 et
505 1977 605 2017 quos
638 1966 857 2004 memoravi
891 1964 1016 2014 alios,
1051 1965 1131 2004 dici
1164 1977 1279 2017 quam
1312 1954 1362 2004 de
1393 1977 1463 2004 suc
1492 1965 1689 2017 Cromyo-

155 2039 221 2077 nia
253 2038 316 2076 vel
345 2042 458 2077 tauro
489 2036 754 2077 Marathonio.
816 2037 933 2076 Certe
963 2037 1103 2088 quibus
1132 2036 1337 2075 vocabulis
1368 2033 1518 2086 ἔλλεριι
1546 2048 1690 2075 vocem

153 2108 376 2161 Hesychius
395 2109 527 2160 ibique
547 2108 648 2159 apud
663 2108 883 2148 Albcrtium
901 2108 967 2148 alii
986 2109 1312 2159 interpretantur:
1331 2106 1483 2158 ἐχθρά,
1497 2107 1689 2158 πολέμια,

155 2175 297 2229 ἄδικα,
328 2179 458 2232 magis
489 2179 663 2219 hominis
694 2179 844 2219 ferocis
871 2179 973 2220 mala
1004 2180 1108 2220 facta
1139 2191 1255 2232 quam
1275 2178 1430 2218 bestiae
1459 2178 1689 2230 significare

154 2249 350 2289 videntur.
411 2249 656 2301 Quamquam
689 2261 741 2288 ne
773 2249 852 2288 hoc
886 2249 1045 2300 quidem
1079 2250 1128 2289 ab
1158 2251 1263 2290 omni
1295 2255 1406 2302 parte
1435 2255 1586 2289 certum
1618 2254 1690 2299 est,

153 2322 186 2360 si
215 2326 325 2360 recte
355 2321 605 2373 grammatici
641 2320 690 2360 ab
726 2321 862 2359 occisa
895 2320 1102 2360 Chimaera
1135 2321 1370 2372 appellatum
1400 2321 1689 2372 Bellerophon..

155 2395 247 2440 tem,
279 2390 629 2444 Ἐλλεροφόντην,
659 2391 829 2432 tradunt.
887 2391 950 2431 Ad
982 2392 1106 2431 verba
1140 2392 1270 2434 simile
1303 2397 1363 2432 est
1399 2392 1548 2433 Gallim.
1579 2393 1617 2432 h.
1650 2393 1690 2433 in

154 2462 268 2502 Dian.
307 2461 397 2503 123.
429 2459 663 2515 ἀλιτήμονος
692 2461 812 2502 πόλλ’
833 2459 1062 2514 ἑτέλεσκον,
1091 2463 1158 2503 ubi
1189 2475 1239 2503 ex
1260 2463 1371 2503 libris
1402 2463 1690 2503 restituendum

153 2531 284 2572 πολλοὶ
317 2533 521 2573 τέλεσκον.
553 2537 592 2573 et
622 2533 672 2573 de
703 2534 843 2574 bestiis
874 2536 1061 2575 usitatum
1092 2532 1197 2575 κακὰ
1233 2535 1386 2575 πολλάε
1421 2535 1538 2576 Hom.
1559 2535 1600 2574 ll.
1622 2535 1689 2574 ΙΧ.

154 2601 246 2643 540.
267 2600 467 2651 σῦν-ὂς
483 2601 587 2644 κακὰ
604 2601 941 2655 πόλλ’ἕρδεσκεν.
962 2605 1075 2645 Hom.
1093 2605 1129 2645 h.
1149 2606 1186 2644 in
1201 2605 1329 2657 Apoll.
1343 2605 1438 2653 302.
1458 2603 1689 2656 δράκαιναν
1711 2594 1714 2596 ’

157 2699 208 2704 ——
242 2671 267 2723 ἢ
304 2671 408 2713 κακοὶ
453 2673 582 2716 πολλοὶ
624 2673 879 2727 ἀνθρώπους
922 2673 1113 2727 ἔρδεσκεν
1154 2677 1226 2715 ἐπί
1265 2677 1405 2727 χθονί.
1455 2675 1618 2715 e1355.
1662 2671 1688 2726 ἢ

156 2742 261 2783 κακοὶ
308 2746 424 2784 πόλλ’
461 2742 632 2797 ἔρδεσκε
677 2744 780 2787 κατά
829 2744 957 2786 κλυτά
1010 2747 1108 2800 φῦλ’
1155 2744 1406 2797 ἀνθρώπων.
1467 2746 1688 2787 Hecataeus

155 2815 317 2856 Geneal.
351 2816 416 2856 lib.
453 2818 497 2857 Π.
541 2817 645 2870 apud
690 2817 823 2871 Steph.
867 2818 961 2872 Byz.
1002 2831 1038 2862 v,
1086 2817 1234 2872 Ψωφίς
1279 2818 1455 2869 (Fragui.
1488 2814 1582 2858 344.
1624 2817 1687 2858 ed.
