1856 3126
750 130 1053 167 —189-

133 246 299 298 Propter
336 244 480 284 bellum
520 242 613 283 illud
659 242 802 282 addam
847 245 922 283 iam
962 241 1143 283 laudatos
1182 242 1388 295 Scaligero
1451 241 1582 282 Anim.
1625 243 1663 282 in

132 315 280 355 Euseb.
313 327 350 367 p.
393 313 458 354 57.
500 324 535 353 a.
582 316 621 352 et
664 313 824 353 Valesio
866 314 890 353 l.
924 314 948 352 l.
1018 314 1149 353 Nonni
1186 326 1328 354 versus
1364 314 1519 355 XXVII.
1566 315 1662 355 301.

133 399 219 440 sqq.
249 387 316 427 ubi
344 385 516 438 Iuppiter
545 384 768 425 Minervae:
800 386 943 437 αἰγίδα
975 390 1063 425 σεῖο
1104 386 1301 438 τίνασσε,
1345 387 1666 440 προασπιζονσα

135 457 323 513 Λυαιόυ,
379 462 464 497 σεῖο
481 454 731 508 κασιγνήτου
748 456 1055 509 μελαναιγίδος,
1087 453 1132 503 ὃς
1160 458 1230 496 σέο
1252 456 1414 509 πάτρην
1468 455 1663 509 ῥύσεται,

134 528 334 578 ἐξελάσας
349 527 558 569 Βοιώτιον
591 522 815 579 ἦγεμονῆα·
873 527 947 566 καί
975 528 1101 577 μέλος
1134 527 1266 567 αἐίσει
1302 526 1508 581 ζωάγριον
1537 527 1664 575 ἀστὸς

125 600 385 650 ’Risu-9059,
441 595 593 639 πιστὸν
622 596 839 647 α’νευσίζων
865 595 1155 649 Ἀπατούριον
1176 592 1248 638 υἷα
1271 598 1460 653 Θυώνης.
1538 598 1665 646 α’στὸς

134 673 374 723 Ἐλευθοῦς,
404 671 646 720 Eleusinius,
694 670 795 709 civis
831 669 1005 710 Cereris.
1063 671 1130 710 Sic
1175 671 1277 711 solet
1318 672 1508 711 Nonnus:
1567 672 1666 710 ναέ-

134 740 525 798 την-οἷπειρώδινος
554 740 755 795 Ἀθήνης,
790 740 1030 796 σαόφρονος
1062 739 1190 782 α’στὸν
1223 742 1423 796 Ἀθήνης,
1453 743 1666 796 οἷμήτορος

133 813 260 855 α’στὸν
297 812 508 868 Ἀθήνης,
548 813 704 854 XXVII.
749 812 839 852 110.
887 812 1038 852 XLVII.
1085 811 1183 853 365.
1231 813 1400 853 XLVlll.
1432 813 1526 853 630.
1560 812 1668 852 alibi.

132 887 239 927 Dicit
265 891 398 926 tamen
427 887 545 926 etiam
577 885 703 925 altero
735 884 878 925 modo:
905 879 1264 937 Ἰναχιής-σῖστὸς
1295 885 1502 939 ἀρούρης,
1540 882 1670 924 α’στόν

128 951 378 1010 Ὀλύμπου,
430 958 638 1010 ναετῆρας
671 955 926 1008 Ὀλύμπου,
965 956 1384 1010 Ἀττίὸός-ναὲτης,
1431 956 1672 1008 Κεκροπιής

133 1033 297 1084 ναέτης,
324 1031 387 1071 Ill.
421 1030 515 1071 261.
545 1029 644 1069 VIII.
682 1029 748 1069 95.
783 1029 847 1070 97.
881 1029 985 1069 XllI.
1010 1030 1104 1070 958.
1122 1029 1227 1069 XIX.
1261 1030 1325 1069 70.
1357 1029 1422 1069 79.
1443 1033 1483 1068 et
1510 1027 1668 1068 similia.

133 1103 265 1154 Atque
296 1113 345 1141 eo
374 1099 631 1141 referendum
660 1100 800 1141 XXlV.
833 1102 899 1142 96.
929 1103 1112 1155 ναετῆρα
1149 1102 1432 1155 θεοκρήπιδσς
1468 1097 1670 1153 Ἀθήνης.

135 1179 177 1214 ut
207 1171 396 1225 Ἀθήνης
423 1171 537 1211 urbis
552 1183 699 1212 nomen
727 1173 788 1213 sit.
818 1174 962 1214 Urbem
986 1175 1060 1214 etsi
1078 1173 1244 1214 Nonnus
1264 1172 1447 1225 Ἀθήνας
1470 1171 1671 1223 appellare

137 1247 240 1286 solet
271 1247 431 1294 usitate,
469 1248 530 1284 est
564 1248 696 1286 tamen
730 1245 797 1285 ubi
827 1245 1029 1285 Atleenen:
1063 1245 1159 1286 XLI.
1194 1245 1287 1284 274.
1332 1245 1374 1292 ἐς
1410 1241 1675 1296 εὐρυάγυιαν

130 1316 342 1372 Ἀθήνην,
373 1331 427 1359 ex
454 1319 602 1372 Odyss.
632 1318 711 1358 Vll.
747 1319 814 1359 80.
873 1318 1044 1369 Verum,
1079 1318 1186 1370 quod
1214 1319 1393 1371 gravius,
1425 1315 1674 1355 memorabi-

135 1391 186 1433 lis
218 1394 280 1430 est
309 1390 549 1442 insolentia,
577 1392 663 1431 sive
697 1401 878 1431 errorem
909 1390 1046 1430 dicere
1074 1391 1209 1441 malis,
1251 1390 1336 1429 sive
1366 1388 1575 1429 audaciam
1622 1399 1674 1428 ex

135 1460 379 1516 etymologia
412 1463 603 1515 (Etymol.
632 1462 680 1503 Μ.
716 1467 756 1503 et
787 1461 886 1503 Gud.
919 1462 959 1501 in
989 1463 1189 1511 Ελευσις)
1223 1474 1370 1502 novum
1400 1473 1547 1501 nomen
1577 1472 1676 1500 eru-

135 1536 239 1577 entis
270 1541 428 1587 poetae,
456 1536 540 1575 sive
581 1536 803 1576 doctrinam
847 1535 1110 1585 reconditam,
1160 1534 1233 1574 sed
1276 1533 1489 1573 insolentia
1526 1533 1676 1584 utique,

138 1608 244 1660 quod
276 1609 354 1648 illic
381 1609 536 1649 XXVII.
573 1610 667 1650 304.
697 1606 889 1650 Ἐλευθώ
931 1610 1029 1650 dixit
1059 1610 1259 1649 Cererem.
1319 1606 1448 1658 Vulgo
1482 1598 1677 1645 Ἔλευθαί

138 1693 220 1720 non
263 1680 387 1720 Ceres
426 1681 548 1729 audit,
590 1682 662 1721 sed
712 1681 878 1734 llitliyia.
936 1682 1077 1722 Notum
1122 1692 1173 1721 ex
1212 1678 1402 1719 Pindaro:
1445 1676 1495 1717 cf.
1540 1663 1676 1728 Antip.

141 1753 281 1793 Thess.
314 1752 527 1792 XXXVIII.
572 1755 640 1798 (A.
675 1754 751 1794 Pal.
783 1755 823 1794 T.
855 1753 900 1793 ll.
940 1766 976 1806 p.
1005 1753 1093 1801 92.)
1134 1753 1172 1792 3.
1206 1750 1325 1791 Paull.
1364 1750 1430 1790 Sil.
1463 1748 1675 1789 LXXXlll.

142 1827 213 1873 (A.
251 1825 328 1868 Pal.
378 1825 419 1865 T.
462 1826 489 1865 Ι.
528 1838 565 1877 p.
599 1824 715 1874 490.)
755 1826 796 1865 3.
836 1825 1021 1865 Phurnut.
1067 1837 1101 1864 c.
1135 1824 1201 1864 34.
1245 1822 1418 1874 Hesycli.
1460 1834 1497 1861 v.
1526 1819 1676 1860 Ἐλεύ-

141 1900 220 1938 θω.
276 1897 393 1949 Apud
434 1898 679 1950 Hesycllium
707 1899 746 1938 in
777 1910 813 1937 v,
844 1897 1176 1949 Ἐπιλυσαμένη,
1222 1895 1328 1934 unde
1356 1893 1536 1933 nonnulli
1567 1893 1677 1945 (Gy-

142 1969 242 2008 rald.
286 1968 385 2021 Opp.
431 1968 471 2008 T.
506 1969 535 2008 I.
575 1981 611 2021 p.
642 1969 736 2009 365.
781 1969 822 2008 C.
854 1968 1069 2008 Mitscherl.
1115 1969 1155 2008 in
1197 1967 1243 2006 H.
1275 1966 1314 2006 h.
1351 1966 1439 2006 Cer.
1488 1977 1525 2017 p.
1562 1965 1675 2013 118.)

145 2040 304 2080 Cereris
335 2051 562 2094 cognomen
604 2040 798 2081 Ἔλευθώ
839 2041 1022 2090 afferunt,
1059 2035 1253 2080 Ἐλευθιό
1293 2039 1456 2079 Musuro
1497 2037 1680 2077 debetur.

142 2112 193 2153 Ut
234 2113 284 2153 ad
325 2113 600 2166 geographica
639 2113 831 2164 redeam,
879 2113 984 2153 idem
1015 2113 1079 2152 ille
1109 2113 1274 2152 Nonuus
1304 2113 1343 2151 in
1374 2110 1568 2163 Catalogo
1609 2109 1678 2148 lib.

145 2186 247 2226 Xlll.
279 2186 345 2226 ubi
374 2186 465 2226 loca
494 2186 653 2225 Atticae
682 2186 793 2225 varia
825 2190 1044 2236 enumerat,
1080 2199 1121 2225 V.
1147 2186 1237 2226 182.
1272 2197 1388 2237 quam
1411 2181 1575 2221 Oenoen
1604 2181 1681 2221 de·-

145 2258 282 2309 hebat,
317 2258 660 2298 animadvertente
683 2258 854 2308 Graefio,
877 2256 1068 2297 Oenonen
1094 2258 1274 2296 vocavit:
1301 2254 1483 2308 Οἰνώνης
1511 2252 1683 2306 γόνιμον

145 2330 285 2373 πέδον,
343 2331 432 2371 Non
460 2331 590 2371 dicam
621 2335 750 2371 utrum
768 2343 840 2383 per
871 2331 1193 2371 commoditatem
1216 2329 1424 2368 metricam
1453 2337 1502 2365 an
1525 2328 1683 2365 vetusto

148 2413 301 2441 errore.
361 2402 479 2454 Apud
508 2403 745 2444 Strabonem
786 2403 959 2453 memini,
991 2408 1100 2443 certe
1136 2403 1176 2441 in
1206 2399 1444 2441 Tzschuckii
1474 2398 1516 2437 T.
1548 2396 1611 2436 111.
1644 2409 1681 2448 p.

151 2473 245 2512 947.
281 2485 339 2524 sq.
372 2473 508 2524 libris,
539 2480 790 2515 constantem
822 2476 1056 2528 scripturam
1098 2485 1189 2513 esse
1223 2469 1387 2524 Οἰνώνη
1422 2481 1494 2523 pro
1542 2466 1680 2521 Οἰνόη.

151 2544 377 2592 Caeterum,
413 2545 519 2597 quod
550 2547 627 2586 iam
660 2548 926 2600 significatum
971 2552 1045 2597 est,
1081 2546 1285 2585 Melaenas
1326 2544 1448 2594 ipsas,
1492 2546 1535 2582 ut
1574 2545 1683 2594 puto,

149 2628 231 2656 non
255 2617 611 2668 adieratTheseus,
640 2619 714 2657 sed
745 2630 816 2670 per
845 2630 983 2672 agrum
1013 2630 1187 2671 pergens
1203 2616 1460 2664 Eleusinium,
1490 2618 1608 2665 atque
1631 2624 1682 2653 ex

149 2688 355 2729 Eleusinio
387 2701 486 2742 agro
517 2694 654 2729 contra
672 2690 925 2742 Procrusten,
957 2692 1173 2743 reliquerat
1195 2691 1234 2730 in
1260 2690 1418 2728 sinistra
1439 2691 1551 2738 parte
1569 2687 1681 2726 sitas.

284 2761 380 2800 Sunt
414 2761 490 2800 duo
524 2761 600 2800 alia
632 2767 872 2801 conservata
904 2775 955 2802 ex
971 2763 1118 2802 Hecale
1150 2762 1329 2801 locorum
1361 2758 1538 2809 nomina,
1559 2770 1681 2810 repo-

153 2831 300 2884 nenda,
331 2836 371 2873 ut
393 2833 487 2873 mihi
514 2844 750 2886 persuasum
773 2838 847 2885 est,
875 2834 916 2874 in
939 2834 1097 2884 Thesei,
1128 2845 1231 2886 quae
1258 2833 1330 2873 suit
1349 2832 1400 2873 de
1423 2844 1496 2874 suo
1525 2833 1683 2882 itinere,
