1856 3126
806 106 1081 144 -55—

186 223 339 274 busque
368 234 567 274 purgans:
607 221 833 273 Periphetcs
870 223 1115 278 Κορυνήτης
1146 225 1183 263 in
1215 223 1451 276 Epidauria3
1480 223 1586 263 Sinis
1618 225 1706 263 Πι-

188 294 452 346 τυοκάμπτης
484 294 523 332 in
556 293 718 343 Isthmo,
750 296 862 335 cuius
894 301 998 335 metu
1027 297 1204 349 Aegeus,
1236 296 1427 336 utSchoi.
1449 295 1582 347 Eurip.
1603 294 1708 334 Med.

189 365 282 405 661.
316 364 379 404 ed.
410 365 543 405 Matth.
576 367 720 416 tradit,
764 368 861 407 mari
894 368 1098 407 Troezena
1141 369 1290 416 iverat;
1329 380 1396 407 sus
1439 369 1710 422 Cromyonia3

188 436 327 475 Sciron
364 437 401 475 in
431 437 660 489 Megaride,
701 439 791 487 vel,
834 444 875 479 ut
904 439 1156 490 Plutarchus,
1203 438 1283 491 πρὸ
1324 441 1394 492 τῆς
1439 440 1710 493 ΠἸε-γαρικῆςς

190 508 373 560 Cercyon
416 509 452 547 in
490 521 588 561 agro
620 510 854 561 Eleusini03
901 513 1110 552 Damastes
1145 510 1227 559 (vel
1262 511 1529 563 Polypemon,
1563 523 1713 550 secun-

189 578 279 618 dum
311 580 544 620 Pausaniam
576 581 602 621 Ι.
635 582 701 633 38,
720 584 780 633 5.)
817 582 1125 635 Προκρούστης
1153 584 1190 622 ἰη
1222 583 1385 634 Erineo,
1413 582 1478 622 vel
1505 583 1548 622 ἐν
1569 584 1716 635 Κορυ-

190 651 347 706 adure,
379 657 421 692 ut
448 653 663 694 Diodorus.
723 656 836 696 Hunc
860 656 1039 695 ordinem
1072 661 1109 695 et
1139 657 1257 696 totius
1287 656 1389 695 ratio
1412 655 1567 695 itineris
1594 654 1718 694 situs-

193 734 271 775 que
302 724 481 765 locorum
515 728 795 769 commendant
826 741 873 769 ae
905 729 1128 781 postulant,
1153 729 1202 768 de
1233 741 1310 780 quo
1343 733 1434 768 nota
1472 731 1534 767 est
1562 726 1719 766 Palme-

189 796 240 834 rii
270 795 444 837 Exercit.
478 799 521 837 in
553 799 601 838 A.
623 800 688 840 Gr.
718 813 756 853 p.
785 802 874 845 184,
906 802 1139 851 admonitio,
1169 806 1209 840 et
1241 801 1458 840 observant
1472 797 1718 848 Plutarchus,

189 867 417 918 Diodorus,
446 871 695 923 eundemque
735 872 839 912 baud
874 874 990 912 dubie
1034 873 1302 926 Apollodorus
1340 872 1628 911 observaverat
1667 880 1719 908 eo

189 938 306 989 loco,
340 940 405 979 ubi
439 953 543 980 nunc
573 943 686 994 primi
715 947 863 983 tantum
897 948 935 983 et
965 945 1133 984 secundi
1164 944 1382 993 facinoris,
1415 941 1647 994 Periphetae
1679 944 1719 979 et

190 1011 353 1062 Sinidis,
384 1014 533 1052 mentio
563 1019 715 1063 exstat,
744 1016 893 1066 reliqua
939 1015 1105 1064 desunt,
1135 1015 1200 1054 lib.
1229 1015 1291 1054 111.
1327 1018 1426 1054 extr.
1484 1015 1610 1054 Unum
1641 1012 1718 1051 du-

191 1081 297 1120 bium
328 1083 515 1133 relinquit
545 1084 789 1132 Plutarchus,
823 1084 872 1123 de
906 1086 1086 1133 Scirone,
1118 1098 1233 1137 quem
1255 1086 1514 1138 Megarenses
1545 1084 1719 1135 scripto-

194 1165 259 1192 res
289 1153 482 1192 latronem
513 1153 635 1194 fuisse
663 1156 880 1208 negabant,
913 1156 1241 1209 interfectumque
1272 1168 1292 1195 a
1310 1156 1467 1195 Theseo
1490 1166 1569 1194 non
1591 1154 1719 1206 primo

190 1225 336 1264 itinere
370 1236 458 1276 suo,
487 1225 557 1264 sed
590 1231 754 1278 postea,
787 1227 867 1278 οὐχ
896 1223 964 1266 ὅτε
995 1225 1041 1266 τὸ
1074 1229 1238 1279 πρῶτον
1267 1226 1460 1278 ἐβάδιζεν
1501 1226 1560 1273 εἰς
1588 1225 1720 1278 Ἀθή-

191 1312 288 1347 νας,
321 1295 427 1338 α’λλὰ
462 1293 651 1348 ὕστερον,
681 1300 925 1340 dictitabant.
984 1300 1178 1339 Facinora
1210 1303 1310 1348 sunt,
1340 1299 1372 1338 si
1402 1298 1610 1337 Scironem
1641 1307 1721 1336 nu-

192 1380 340 1420 meres,
375 1381 468 1419 scx3
503 1370 536 1409 si
569 1375 719 1410 taurum
751 1371 1040 1411 Marathoniam
1072 1382 1332 1419 annumeres,
1366 1373 1531 1420 septem.
1589 1368 1720 1407 Paene

193 1439 337 1479 oblitus
369 1452 491 1489 eram,
522 1441 625 1480 idem
656 1455 787 1482 rerum
819 1443 919 1482 filum
950 1443 1087 1495 legere
1113 1443 1362 1481 Pausaniam.
1392 1439 1436 1480 II.
1471 1444 1505 1488 1,
1534 1438 1571 1480 4.
1608 1440 1715 1478 Peri-

193 1510 356 1562 phetes3
388 1513 505 1552 Sinis.
538 1514 589 1552 cf.
620 1513 669 1552 de
701 1514 836 1554 Sinidc
866 1514 892 1552 l.
924 1514 990 1563 37,
1019 1515 1057 1552 4.
1090 1512 1133 1553 11.
1170 1515 1205 1563 1,
1234 1513 1272 1551 3.
1307 1523 1374 1552 sus
1403 1512 1656 1563 Croinyonia.
1686 1510 1714 1549 I.

194 1582 262 1632 44,
294 1582 331 1624 6.
362 1584 400 1623 8.
431 1584 589 1634 Sciron,
621 1585 670 1623 dc
701 1596 779 1637 quo
809 1586 860 1624 cf.
892 1586 918 1623 Ι.
947 1585 987 1635 3,
1025 1586 1057 1624 1.
1093 1584 1119 1623 l.
1139 1584 1258 1634 323.
1292 1583 1488 1634 Cercyon.
1546 1581 1574 1620 Ι.
1595 1582 1658 1631 38,
1678 1582 1716 1620 5.

193 1654 435 1707 Polypcmon
466 1655 787 1708 Προκρούστης.
849 1657 940 1696 Post
969 1656 1092 1706 hacc,
1127 1656 1175 1694 ab
1210 1655 1382 1706 hospitio
1413 1654 1715 1706 Phytatidarum‚

195 1735 217 1762 a
249 1725 390 1776 quibus
420 1727 537 1765 ctiam
566 1727 752 1766 lustratus
781 1732 853 1775 cst,
885 1727 934 1766 de
966 1739 1042 1779 quo
1073 1727 1190 1766 iidem
1212 1726 1439 1765 Plutarchus
1464 1738 1498 1764 c.
1524 1726 1571 1764 12
1596 1729 1632 1764 et
1651 1725 1718 1763 93.

196 1799 296 1834 extr.
342 1796 558 1837 Pausanias
591 1797 617 1836 1.
651 1797 728 1847 37,
755 1798 793 1838 4.
836 1802 1049 1847 testantur,
1077 1798 1258 1837 Athenas
1300 1798 1533 1849 ingreSSUS,
1563 1796 1720 1848 agnitus

195 1871 256 1906 est
285 1879 306 1906 a
341 1872 475 1919 patre,
505 1872 542 1907 et
581 1880 682 1919 quac
727 1869 876 1921 reliqua
920 1873 1141 1908 narrantur.
1210 1869 1303 1907 Tum
1344 1867 1511 1908 Athenis
1547 1868 1721 1918 perrexit

198 1941 338 1977 contra
381 1942 532 1978 taurum
575 1939 876 1980 Marathonium.
945 1941 1149 1991 Denique,
1191 1939 1314 1993 ὀλίγῳ
1352 1934 1545 1989 ὕστερον,
1588 1942 1629 1977 ut
1668 1938 1721 1977 ait

196 2008 440 2060 Plutarchus,
472 2011 510 2050 in
539 2011 709 2051 Cretam.
767 2012 946 2064 Hyginus
974 2013 1047 2051 etsi
1077 2012 1270 2051 sactorum
1292 2010 1448 2060 Thesei,
1474 2021 1575 2062 quae
1596 2010 1719 2061 prima

195 2081 414 2132 specimina
464 2082 650 2121 iuvenilia
691 2082 813 2132 dico,
855 2083 1034 2122 ordinem
1076 2083 1193 2122 alium
1236 2082 1359 2131 facit,
1406 2082 1444 2120 in
1481 2092 1531 2120 eo
1575 2086 1720 2130 tamen,

198 2151 305 2203 quod
338 2152 456 2191 nobis
486 2155 765 2205 praecipuum,
796 2155 996 2193 consentit
1025 2166 1112 2193 cum
1147 2153 1239 2202 illis,
1267 2157 1362 2202 post
1389 2152 1452 2191 iila
1493 2152 1719 2203 ponendum

196 2234 289 2261 esse
324 2227 477 2263 taurum
507 2224 811 2275 Marathonium‚
840 2229 878 2264 et
906 2225 1040 2264 ultimo
1074 2225 1165 2264 loco
1193 2224 1466 2264 Minotaurum.
1528 2223 1583 2263 lta
1615 2224 1720 2263 enim

195 2294 375 2346 Hyginus
405 2295 498 2334 Fab.
528 2295 724 2336 XXXVII.
759 2302 798 2336 ct
831 2297 926 2337 Vlll.
986 2297 1064 2345 Qua
1088 2297 1308 2346 (Theseus)
1338 2308 1427 2334 cum
1450 2295 1505 2334 ad
1528 2294 1720 2346 puberem

196 2369 366 2405 aetatem
391 2367 660 2417 pervenisset,
692 2373 820 2406 mater
849 2373 1072 2419 praecepta
1102 2368 1225 2419 Aeqei
1254 2367 1403 2406 indicat
1435 2368 1492 2417 ei,
1524 2367 1721 2418 lapidem-

196 2448 271 2487 que
303 2438 486 2488 ostendit,
515 2443 559 2476 ut
587 2451 721 2477 ensem
751 2440 917 2489 tolleret,
952 2444 990 2478 et
1021 2432 1128 2477 iubet
1158 2451 1245 2478 eum
1267 2437 1447 2477 Athenas
1476 2439 1530 2478 ad
1547 2438 1721 2490 Aeqeum

191 2508 423 2558 proficisci,
452 2535 505 2540 —-
537 2521 694 2561 eosque,
725 2510 792 2560 qui
825 2510 905 2550 illic
934 2514 1014 2549 lum
1041 2509 1189 2549 itinera
1216 2509 1532 2561 infestabantur,
1563 2510 1718 2550 oceidit.

197 2577 430 2630 Corynelem
460 2606 513 2612 -
542 2579 837 2632 Pityocampten
870 2604 915 2609 -—
951 2580 1193 2620 Procrusten
1222 2605 1275 2610 —-
1303 2579 1508 2620 Scir-onem
1533 2606 1585 2612 -—
1617 2581 1719 2621 Cer-

197 2660 359 2700 cyonem
386 2675 438 2681 —-
472 2663 615 2702 aprum
648 2652 715 2703 qni
745 2651 823 2704 fuit
851 2652 1072 2702 Cromyone
1102 2676 1154 2682 —-
1185 2656 1345 2690 taurum
1375 2653 1442 2702 qui
1466 2652 1544 2702 suit
1571 2653 1718 2693 Mara-

196 2720 313 2759 thone
343 2746 396 2752 —
427 2720 710 2762 Minotaurum.
776 2723 848 2770 Qui
893 2722 1023 2761 obiter
1060 2727 1374 2762 commemorant
1416 2723 1518 2763 facta
1559 2724 1716 2775 Thesei,

197 2803 277 2831 non
307 2793 446 2831 mirum
478 2793 510 2831 si
542 2797 717 2845 tempora
749 2794 1009 2842 confundant,
1038 2799 1075 2833 ut
1108 2795 1253 2834 Statius
1282 2793 1402 2833 Theb.
1433 2793 1515 2833 ΧΠ.
1543 2796 1635 2836 576.
1655 2810 1716 2849 sq.
