1820 3141
849 151 1127 188 ...20-

229 263 564 316 quemadmodum
596 263 782 305 Lascaris
821 266 1064 318 epigramma
1098 267 1256 319 scripsit
1286 266 1323 306 in
1354 265 1531 318 Hymnos
1561 263 1750 304 Callima-

230 335 318 386 chi,
363 336 414 374 ita
447 334 546 374 alius
584 336 709 386 ipsum
740 348 811 376 sua
842 337 1014 388 scripta,
1058 339 1176 377 etiam
1207 337 1438 389 deperdita,
1470 337 1750 376 recensentem

230 407 374 446 fecerit
405 405 702 447 Callimachum.
770 407 849 448 Sed
884 419 965 448 non
998 412 1167 459 exputo,
1209 410 1273 459 qui
1303 413 1392 448 ante
1424 408 1681 456 Pontianum,
1709 409 1750 446 et

229 482 320 517 ante
352 477 500 516 editum
536 477 585 516 ab
620 477 796 518 Lascare
827 479 1108 518 Callimachum
1128 510 1140 530 ‚
1182 480 1233 518 ita
1263 479 1464 519 studiosus
1503 477 1748 526 Callimachi,

229 552 268 588 et
301 547 598 600 deperditorum
630 549 732 590 adeo
763 561 926 602 operum
961 551 1047 590 eius
1080 551 1210 600 suerit,
1247 555 1288 590 ut
1308 563 1356 590 ea
1386 550 1436 590 de
1465 562 1510 590 re
1542 550 1749 603 epigram-

227 622 332 658 mate
365 617 533 659 luderet.
593 620 742 660 Versus
779 621 938 672 quidem
971 625 1048 660 tam
1079 620 1231 669 bonus,
1258 621 1402 670 μέλπω
1434 621 1480 661 δὲ
1512 619 1643 673 γραὸς
1672 621 1748 674 τῆς

227 690 448 743 φιλοξένου
479 687 685 743 τρόπους,
717 692 779 731 cui
812 692 1000 731 excidere
1036 696 1197 743 posset,
1227 703 1308 731 non
1346 691 1472 731 deluit
1510 703 1557 731 ea
1601 695 1746 732 aetate.

227 761 277 801 Ut
308 762 394 813 ipse
427 761 653 802 Politianas.
710 763 759 802 Et
790 763 906 803 Ianus
925 763 1110 803 Lascaris
1139 763 1228 803 ille:
1259 774 1509 815 quamquam,
1541 763 1574 802 si
1592 762 1748 803 Lasca-

226 835 284 874 ris
314 837 481 882 auctor,
514 845 565 873 eo
606 835 778 874 sortasse
818 846 899 874 non
943 836 995 875 ita
1038 845 1180 874 usurus
1223 834 1365 875 suisset
1404 834 1632 875 Politianus.
1699 833 1748 874 Et

224 906 357 958 paullo
388 909 477 959 post
502 905 659 945 Marcus
686 906 881 947 Musurus.

333 976 398 1016 Ad
427 977 531 1030 Ang.
565 977 798 1019 Politianuin
839 980 904 1031 qui
943 978 1168 1019 adhibuerit
1199 979 1255 1018 Io.
1298 979 1513 1030 Baptistam
1553 978 1661 1018 Pium
1707 977 1748 1017 in

224 1047 345 1088 Plaut.
375 1049 557 1095 (Mediol.
590 1050 731 1100 1500.)
765 1051 911 1091 Cistell.
931 1051 960 1090 Ι.
994 1053 1030 1100 1,
1058 1052 1124 1091 50.
1154 1051 1314 1090 habebit
1345 1050 1430 1089 sere
1462 1054 1655 1102 quotquot
1670 1061 1748 1089 ex·-

226 1124 331 1158 stant
361 1121 597 1171 scriptorum
628 1125 832 1170 veterum,
864 1126 1025 1172 praeter
1052 1121 1140 1161 illos
1181 1133 1280 1173 quos
1317 1122 1644 1174 pertractavimus
1663 1152 1675 1173 ‚
1706 1125 1748 1160 et

225 1194 389 1242 praeter
415 1191 558 1231 multos
597 1192 663 1243 qui
702 1191 924 1245 fragmenta
955 1192 1118 1232 laudant
1157 1194 1352 1244 poematis
1382 1191 1662 1242 Callimachei,
1695 1191 1746 1232 de

226 1262 374 1301 Hecale
404 1263 646 1303 testimonia.
705 1262 742 1303 Is
774 1262 927 1304 addidit
954 1264 1207 1314 Petronium,
1231 1263 1443 1314 Ovidium,
1475 1263 1674 1312 Plautum,
1705 1263 1745 1303 in

226 1334 315 1374 aliis
348 1334 434 1374 sere
467 1335 516 1375 ad
548 1335 713 1375 verbum
745 1337 983 1388 conspirans
1015 1349 1102 1376 cum
1133 1336 1338 1376 Politiano.
1399 1335 1478 1375 Sed
1508 1339 1640 1374 tamen
1670 1332 1746 1372 Ice-

226 1405 338 1445 caleo
373 1405 456 1444 ioue·
494 1396 606 1446 reete
636 1406 781 1458 habet,
812 1407 879 1447 ubi
910 1408 1124 1448 Politianus
1155 1409 1293 1447 hecale
1325 1407 1356 1447 Ι.
1429 1407 1535 1447 Idem
1570 1407 1744 1458 Baptista

226 1475 342 1526 Pius,
372 1464 477 1527 quod
505 1489 568 1515 me
598 1477 800 1516 Delbenus
834 1477 883 1517 ad
913 1479 1136 1518 Petronium
1170 1480 1302 1528 docet,
1333 1481 1449 1517 antea
1477 1478 1526 1517 ad
1547 1478 1744 1530 Fulgentii

226 1546 493 1600 Mythologica
523 1548 705 1596 (Mediol.
729 1550 870 1600 1487.)
905 1550 954 1589 de
991 1551 1082 1591 loeo
1117 1551 1289 1590 Petronii
1320 1555 1359 1590 et
1389 1551 1528 1590 nescio
1559 1555 1744 1603 quantum

227 1619 278 1659 de
307 1619 456 1659 Hecale
488 1621 717 1673 scripserat.

336 1691 525 1744 Reliquos
554 1693 782 1744 promiscue
811 1705 970 1745 ponam,
1000 1695 1063 1746 qui
1095 1695 1156 1733 usi
1190 1693 1333 1733 iisdem
1363 1693 1598 1733 testimoniis
1629 1693 1748 1733 dixe-

228 1766 319 1802 runt
353 1763 402 1802 de
433 1763 596 1802 Hecale.
668 1763 765 1804 Sunt
799 1768 927 1804 autem
960 1765 1013 1804 hi.
1084 1765 1180 1804 Phil.
1224 1764 1445 1804 Beroaldus
1486 1764 1555 1803 lib.
1598 1765 1749 1804 Annot.

225 1845 264 1886 p.
288 1833 382 1874 935.
403 1835 444 1874 T.
462 1834 490 1874 1.
523 1835 639 1875 Thes.
664 1836 749 1875 crit.
773 1836 881 1876 Grut.
912 1840 950 1875 et
982 1836 1131 1875 Comm.
1162 1837 1201 1875 in
1225 1835 1340 1887 Apul.
1368 1835 1524 1875 Metam.
1555 1836 1595 1875 in
1625 1835 1747 1875 T.1ll.

224 1905 407 1957 Appuleii
426 1906 682 1959 Oudendorp.
710 1919 747 1959 p.
764 1907 830 1947 50.
852 1918 911 1959 sq.
972 1907 1128 1946 Caelius
1145 1906 1393 1959 Rhodiginus
1417 1906 1595 1946 Lection.
1627 1907 1748 1958 antiq.

225 1977 349 2017 XXX.
381 1978 444 2017 11.
501 1977 706 2018 Brodaeus
747 1981 785 2019 in
818 1979 979 2019 Anthol.
1015 1980 1079 2019 Gr.
1112 1992 1148 2031 p.
1175 1977 1264 2019 134.
1296 1978 1411 2027 (139.
1445 1978 1507 2018 ed.
1542 1977 1746 2027 Wechel.)

226 2045 304 2086 hoc
335 2052 420 2096 est,
450 2048 498 2087 ad
530 2049 773 2101 epigramma
812 2050 907 2089 illud
949 2050 1209 2102 Crinagorae.
1281 2050 1476 2102 GyTaldus
1509 2051 1615 2089 l‘oet.
1653 2049 1744 2090 hist.

228 2117 325 2158 dial.
355 2118 419 2158 111.
455 2131 492 2170 p.
522 2119 609 2159 153.
642 2121 682 2160 F.
740 2121 946 2160 Turnebus
962 2121 1135 2161 Advers.
1158 2122 1184 2160 l.
1209 2123 1269 2161 15.
1302 2121 1441 2162 XXVI.
1460 2121 1498 2160 7.
1555 2120 1744 2160 Erasmus

227 2189 267 2228 in
296 2191 481 2241 proverb.
501 2189 584 2240 Iro,
617 2191 748 2231 Codro
772 2192 1024 2242 Ραιηυρνὶον,ι
1053 2194 1098 2232 ll.
1122 2193 1269 2242 lunius,
1299 2194 1361 2244 qui
1391 2192 1553 2244 primus,
1583 2192 1747 2232 sirecte

227 2261 414 2310 memini,
446 2260 635 2300 Iulianum
670 2262 871 2311 adhibuit,
912 2263 951 2300 in
993 2274 1106 2313 prOV.
1147 2261 1316 2301 Hecales
1347 2273 1495 2300 coena:
1537 2261 1587 2300 cf.
1630 2272 1745 2313 prov,

227 2330 373 2382 Cynice
402 2331 542 2370 vivere
575 2337 613 2371 et
643 2331 854 2383 Nunquam,
884 2332 1032 2373 Hecale
1060 2334 1144 2384 fies.
1205 2334 1253 2372 A.
1283 2332 1469 2372 schottus
1499 2332 1615 2372 obss.
1639 2336 1746 2384 poet.

226 2403 271 2442 ll.
291 2403 356 2443 99.
387 2415 424 2455 p.
443 2403 511 2442 71.
544 2403 572 2441 Ι.
597 2403 697 2442 Moti.
732 2403 944 2442 Palmerius
974 2404 1159 2456 Spieileg.
1186 2416 1222 2454 p.
1245 2402 1337 2442 666.
1370 2402 1411 2441 Τ.
1429 2402 1492 2442 Ν.
1523 2403 1639 2442 Thes.
1658 2403 1746 2442 crit.

228 2474 335 2514 Grut.
405 2474 683 2525 Dalecampins
715 2473 763 2511 ad
797 2474 890 2512 Ptin.
924 2474 948 2512 l.
979 2474 1002 2513 l.
1078 2475 1286 2514 Gevartius
1318 2475 1441 2526 Epist.
1474 2474 1523 2513 ad
1553 2474 1600 2513 H.
1634 2473 1743 2513 Grot.

227 2544 251 2584 l.
266 2545 290 2583 l.
310 2557 346 2596 p.
369 2547 430 2585 15.
454 2543 517 2584 16.
575 2545 772 2585 Meursius
791 2546 826 2583 in
847 2544 1001 2584 Theseo
1024 2557 1109 2597 cap.
1133 2547 1194 2585 10.
1212 2558 1247 2596 p.
1264 2546 1329 2586 30.
1349 2558 1434 2598 sqq.
1465 2545 1600 2585 Ultrai.
1623 2543 1743 2584 1684.

228 2616 368 2665 (Thes.
400 2617 577 2656 Gronov.
608 2617 695 2656 Vol.
714 2616 763 2656 X.
789 2617 990 2668 508.s‹1.)
1025 2623 1061 2656 et
1096 2618 1266 2657 sortasse
1297 2618 1372 2657 alii.
1432 2617 1480 2656 Ut
1508 2617 1745 2667 interpretes

227 2686 399 2739 Apuleii,
432 2687 616 2727 Petronii.
676 2686 891 2726 Laudatum
925 2687 966 2726 C.
1000 2688 1161 2728 Barthio
1197 2689 1234 2727 in
1261 2688 1356 2728 Stat.
1389 2686 1509 2727 Theb.
1539 2685 1621 2724 ΧΗ.
1650 2685 1744 2725 589.

227 2771 262 2811 p.
285 2757 401 2797 1526.
436 2757 678 2798 Salmas-ium
701 2758 756 2798 ad
771 2757 997 2798 Petronium
1027 2772 1076 2799 ne
1106 2761 1192 2811 quis
1223 2760 1365 2798 frustra
1393 2760 1569 2808 quaerat.
1605 2756 1637 2794 is
1664 2767 1744 2795 non

226 2829 450 2869 Salmasius
495 2833 583 2880 est,
626 2829 697 2869 sed
739 2829 949 2880 Salasius,
990 2833 1031 2870 ut
1061 2829 1102 2869 C.
1135 2828 1297 2869 Barthio
1341 2829 1458 2868 etiam
1503 2825 1596 2866 alibi
1637 2825 1746 2865 audit
