1856 3126
809 136 975 173 -—-80
1036 154 1084 161 -—-

182 247 391 300 Neptunus
428 253 465 287 et
498 248 678 300 Aeaeus,
706 249 925 290 Pandionis
961 251 1095 303 silius,
1135 251 1177 290 iu
1218 252 1318 304 sano
1362 250 1574 291 Minervae
1621 263 1710 292 cum

181 319 335 359 Aethra
364 319 506 358 Pittleez·
531 320 617 371 filia
651 333 735 361 mm
767 327 882 362 nocte
915 322 1225 362 concubuerunt.
1285 322 1493 373 Neptunus
1524 323 1631 373 quod
1657 336 1710 362 ex

182 403 242 429 ea..
262 395 400 430 nomm
429 395 558 441 esset,
583 391 724 443 Aegeo
757 394 964 433 concessit.
1025 393 1294 446 Apollodorus
1326 394 1388 433 111.
1425 395 1490 445 15,
1520 395 1557 434 7.
1589 399 1628 434 et
1658 407 1710 435 ex

180 474 230 502 co
264 463 430 502 Tzetzes
465 463 515 502 ad
542 462 739 515 Lycophr.
769 463 863 504 494.
910 466 959 519 τῇ
994 465 1039 505 δὲ
1079 463 1191 519 αὐτῇ
1224 464 1343 505 νυκτί
1383 467 1456 505 καί
1485 465 1709 506 Ποσειδῶν

180 534 432 586 ἐπλησίασεν
473 533 611 589 αὐτῇ,
653 535 749 575 1111111
790 536 844 575 illi
893 537 1088 575 addentes
1136 536 1186 576 de
1230 538 1496 576 concessione
1525 537 1707 589 Neptuni.

179 605 352 656 Neptuni
384 605 502 644 fliium
539 605 702 657 diserte,
735 612 774 647 et
803 608 890 647 sine
923 607 1181 658 dubitatione,
1210 608 1406 648 Theseum
1439 607 1589 648 faciunt
1617 609 1708 649 lau-

177 677 260 716 dati
292 678 465 717 Meursio
496 679 535 717 in
567 678 723 719 Theseo
759 692 842 732 cap.
879 683 912 720 1.
958 680 1159 719 Diodorus
1185 681 1263 720 Sic.
1291 680 1352 719 lv.
1384 679 1448 719 59.
1507 680 1707 720 Isocrates

174 748 339 788 Encom.
368 749 451 788 Hel.
482 763 517 802 p.
552 751 646 802 234,
684 752 744 794 18.
779 752 841 792 ed.
881 752 1052 792 Bekker.
1082 753 1144 792 his
1174 752 1333 791 verbis:
1379 776 1433 783 —
1465 748 1655 804 Θησεύς,
1686 750 1708 790 ὁ

174 817 393 870 λεγόμενος
416 822 492 870 μὲν
526 822 719 874 Αἰγέως,
749 824 963 875 γενόμενος
995 825 1032 864 δ’
1064 824 1109 864 ἐκ
1137 825 1437 876 Ποσειδῶνος,
1474 828 1515 863 et
1545 835 1639 862 mox
1668 836 1705 875 p.

177 890 270 930 235.
304 896 403 930 extr.
452 892 595 932 Cicero
637 893 687 932 de
730 894 817 934 Nat.
851 895 896 934 D.
931 895 992 934 111.
1026 897 1088 934 18.
1122 899 1160 934 61
1190 895 1256 938 31.
1289 894 1460 947 denique
1492 895 1704 934 Aristides.

174 963 307 1015 Atque
337 966 568 1004 narratione
599 966 648 1005 de
683 968 805 1007 trihus
835 966 979 1007 Thesei
1009 969 1125 1016 votis,
1157 979 1274 1019 quam
1307 979 1358 1006 ex
1387 966 1600 1018 Euripide,
1629 967 1707 1007 Se·-

177 1046 277 1074 neca
307 1036 493 1087 Tragico,
526 1038 746 1087 Cicerone,
779 1038 974 1077 Meursius
1004 1037 1098 1076 ibid.
1128 1038 1314 1087 exhibet,
1345 1037 1485 1077 eadem
1517 1040 1706 1078 eontine-

174 1111 238 1145 tur
271 1109 482 1147 sententia.
541 1108 626 1147 Etsi
669 1121 716 1148 ea
753 1110 792 1148 in
830 1114 942 1161 parte
981 1109 1162 1158 fabulae,
1205 1121 1307 1161 quae
1345 1113 1513 1148 mortem
1552 1114 1708 1161 spectat

173 1178 394 1230 Hippolyti,
421 1191 500 1219 non
534 1179 679 1220 desunt
710 1181 776 1232 qui
809 1181 1058 1221 dissentiant.
1117 1182 1235 1221 Certe
1266 1181 1429 1221 Servius
1463 1182 1502 1220 in
1534 1180 1705 1220 Aeneid.

174 1249 256 1288 vll.
290 1248 382 1288 761.
419 1251 497 1290 ita:
532 1250 605 1290 Ille
636 1251 859 1302 (Theseus)
889 1252 1064 1304 Aeqeum
1092 1257 1250 1303 patrem
1279 1252 1460 1304 roqavit,
1490 1255 1535 1290 ut
1564 1264 1609 1291 se
1636 1252 1706 1291 ul-

172 1319 406 1370 cisceretur,
437 1320 505 1371 qui
535 1322 703 1372 aye'tanlc'
725 1335 890 1362 currum
904 1322 1120 1374 Hippolyto
1143 1323 1303 1361 immisit
1326 1323 1472 1374 focam,
1504 1335 1585 1374 qua
1616 1324 1707 1376 equi

170 1391 302 1430 territi
333 1404 421 1430 eum
451 1396 678 1436 traxerunt.
737 1394 803 1433 ubi
834 1393 1010 1445 Aeqemn
1037 1394 1249 1434 Burmanni
1279 1394 1484 1444 librorum,
1512 1399 1552 1434 et
1579 1407 1706 1447 prae-

171 1467 232 1501 ter
262 1462 336 1502 hos
371 1464 565 1515 aliorum,
610 1470 650 1504 et
681 1466 879 1516 omnium,
913 1471 955 1506 ut
995 1466 1178 1516 videtur,
1209 1469 1407 1519 scriptura
1448 1471 1523 1506 est.
1586 1466 1701 1507 Conf.

171 1533 451 1586 Mythographi
482 1536 529 1575 A.
562 1536 655 1576 Maii
685 1549 722 1589 p.
756 1538 815 1576 17.
848 1541 886 1576 61
917 1538 1006 1577 118.
1043 1537 1106 1576 611.
1138 1538 1233 1576 Bod.
1284 1549 1449 1589 quorum
1487 1538 1703 1588 posterior,

172 1605 320 1656 aliquid
342 1606 428 1645 sive
458 1607 506 1646 de
537 1619 624 1663 suo,
654 1610 739 1648 sive
762 1620 813 1647 ex
842 1608 1021 1660 pleniore
1053 1613 1130 1647 tum
1151 1608 1290 1648 Servio
1320 1608 1513 1648 inseruit:
1544 1611 1702 1648 —Ae-

171 1690 286 1728 geum
309 1682 483 1729 patrem,
512 1683 603 1719 tunc
633 1681 827 1720 marinum
850 1680 980 1729 deum,
1004 1679 1176 1730 roqueit,
1195 1683 1240 1717 ut
1258 1691 1302 1718 se
1329 1679 1594 1718 ulcisceretur
1621 1684 1697 1721 616.

168 1749 217 1788 Et
243 1761 341 1789 sane
373 1750 450 1790 tale
482 1750 575 1802 quid
603 1751 842 1803 requiritur:
876 1751 982 1790 unde
1014 1752 1118 1790 enim
1148 1751 1316 1803 Aegeo,
1346 1750 1493 1790 dudum
1523 1756 1697 1801 mortuo,

133 1844 139 1847 -
167 1825 318 1860 tantum
350 1823 555 1873 potentiae
575 1852 586 1871 ,
624 1826 666 1862 ut
695 1827 835 1874 posset
862 1822 1032 1874 phocam
1059 1823 1295 1872 immittere,
1329 1823 1405 1862 nisi
1439 1822 1538 1861 deus
1567 1823 1696 1862 sactus

167 1892 322 1931 suerit?
379 1893 515 1945 ltaque
545 1893 652 1943 hoc,
687 1893 803 1932 deum
836 1896 1030 1932 marinum
1073 1893 1219 1932 sactum
1260 1904 1351 1932 esse
1398 1898 1490 1944 post
1525 1898 1694 1934 mortem

165 1964 376 2014 Aegeum,
407 1968 446 2002 et
475 1964 637 2004 Servius
669 1964 868 2003 statuebat
897 1963 1001 2003 haud
1036 1963 1169 2014 dubie,
1203 1968 1242 2003 et
1275 1964 1322 2014 is,
1355 1965 1421 2015 qui
1449 1965 1524 2003 ista
1554 1966 1694 2016 praei-

164 2035 218 2072 vit
249 2034 412 2074 Servio:
448 2035 679 2074 coniectura
721 2034 885 2085 ductus,
928 2039 970 2074 ut
1009 2039 1133 2086 puto,
1173 2047 1224 2074 ex
1253 2047 1332 2083 60,
1372 2035 1478 2087 quod
1517 2036 1556 2075 in
1593 2037 1693 2076 mari

163 2110 329 2144 mortem
363 2106 627 2156 quaesivisset
656 2107 831 2158 Aegeus.
894 2107 1018 2153 Quem
1049 2107 1152 2145 enim
1183 2105 1421 2146 Welckerus
1458 2106 1508 2146 de
1543 2107 1690 2160 Trilog.

161 2175 352 2227 Aeschyli
385 2188 420 2227 p.
453 2176 544 2216 996.
605 2175 779 2228 Aeqeum
809 2177 913 2216 inter
946 2182 983 2216 et
1015 2176 1266 2228 Aegaeonem
1307 2177 1455 2218 indicat
1488 2179 1688 2230 antiquum

161 2259 331 2296 nexum,
363 2259 451 2286 eum
483 2248 552 2287 vix
588 2252 718 2299 putem
761 2248 812 2287 ad
856 2247 958 2287 hanc
1003 2249 1272 2288 narrationem
1315 2249 1528 2300 pertinere.
1586 2250 1688 2301 Alii,

159 2319 266 2370 iique
297 2319 477 2370 potiores
511 2323 650 2368 testes,
681 2323 748 2370 ut,
781 2331 882 2371 quos
916 2319 1013 2372 dixi,
1043 2320 1280 2372 Euripides,
1311 2321 1493 2368 Seneca,
1527 2321 1686 2372 Cicero,

157 2395 292 2430 votum
323 2389 481 2429 tradunt
514 2389 699 2439 Neptuno
731 2390 877 2430 sactum
908 2390 1043 2430 fuisse.
1101 2391 1203 2430 Nihil
1231 2391 1403 2441 efficias,
1437 2396 1618 2431 neutram
1645 2393 1685 2432 in

159 2465 333 2514 partem,
365 2461 464 2499 certi
495 2472 544 2499 ex
575 2472 623 2500 eo
643 2491 653 2509 ,
685 2461 791 2512 quod
826 2460 1002 2512 Aegiden
1045 2461 1213 2514 appellat
1242 2462 1271 2501 T
1275 2462 1437 2503 heseum
1468 2463 1684 2514 Hesiodus,

158 2530 264 2568 Scui.
296 2531 342 2569 11.
378 2532 466 2570 18¹2.
503 2531 645 2584 Θησέα
689 2532 722 2570 τ’
762 2532 992 2585 Αἰγείδην,
1033 2534 1259 2573 ἐπιείκελον
1297 2533 1594 2575 ἁθανάτοισινε
1631 2535 1681 2576 cf.

160 2600 271 2639 llem.
301 2600 408 2641 liiad.
439 2603 467 2642 1.
501 2603 594 2643 265.
639 2603 704 2642 ubi
751 2614 838 2643 611111
883 2615 1041 2643 versum
1080 2609 1240 2656 praeter
1282 2606 1480 2646 laudatum
1523 2608 1679 2659 Heynio

155 2671 326 2711 Dionem
358 2672 473 2712 etiam
502 2674 717 2713 Pausanias
740 2674 787 2714 X.
819 2674 883 2716 29.
916 2680 1016 2714 extr.
1052 2677 1247 2727 agnoscit.
1308 2677 1410 2724 Quid
1441 2677 1679 2717 Theseidum

156 2746 342 2781 auctores
373 2743 630 2794 tradiderint,
663 2757 744 2784 non
779 2750 956 2794 constan
991 2745 1063 2785 sed
1100 2751 1230 2786 tamen
1261 2759 1338 2786 non
1381 2748 1467 2787 sine
1497 2752 1677 2799 auctore,

152 2819 193 2855 ut
222 2818 329 2867 puto,
361 2814 526 2861 Quintus
545 2816 785 2868 Smyrnaeus
806 2816 907 2857 Χ111.
931 2817 1021 2856 509.
1044 2829 1102 2869 sq.
1133 2817 1233 2856 haec
1255 2818 1445 2858 Aethram
1478 2819 1678 2861 dicentem
