1856 3126
803 134 1076 173 ...53-

173 250 302 290 t'oret:
331 251 382 290 cl'.
412 248 562 289 Callim.
596 248 633 288 h.
665 249 750 289 Del..
782 249 848 290 66.
881 251 974 291 275.
1032 250 1175 291 Suidas
1209 249 1282 298 (cf.
1314 250 1415 289 infra
1445 247 1696 289 tractandum

171 322 320 361 Gallim.
356 321 415 360 Fr.
449 319 794 371 CCCCXXVIH.):
837 318 1100 371 Κολωνάων,
1131 321 1202 361 καί
1238 318 1413 374 νησάων.
1446 318 1698 372 παραλόγως

170 391 378 447 ἐχρήσατο
403 394 690 443 Καλλίμαχος.
733 393 785 432 ου’
810 390 888 445 γὰρ
924 392 1154 444 παράγεται
1184 391 1264 432 ἀπὸ
1295 393 1366 444 τῆς
1389 392 1581 445 κολώνης,
1606 386 1698 431 ἀλλ’

170 462 253 503 dm)
288 465 364 503 τοῦ
394 464 594 502 κολωνοῦ.
630 463 722 503 add.
754 464 1000 516 fragmenta,
1033 463 1204 502 sortasse
1227 462 1483 511 Callimachi,
1504 456 1696 512 ”Αρτεμι

171 533 386 588 Κρητάων
420 532 568 574 πότνια
611 532 873 588 τοξοφόρων,
916 540 955 573 ct
997 533 1117 573 καλοί
1159 532 1323 585 ιἠσὰων
1367 534 1562 584 α’στέρες,
1597 543 1699 584 quae

171 619 259 645 cum
291 605 370 645 alio
403 605 627 656 Epicharmi
660 606 824 657 primum
853 605 1066 657 publicavit
1093 604 1269 656 Heynius
1303 604 1352 643 ad
1387 603 1496 643 Iliad.
1529 601 1634 642 ΧΙΧ.
1662 604 1699 642 1.

169 677 309 717 mirum
345 677 396 717 ihi
423 675 640 730 Κρητάων,
673 677 779 728 quod
804 677 1050 716 Hei-mannus
1086 676 1298 728 aliquando
1326 675 1556 728 Κρηταὲων
1577 673 1699 714 fuisse

170 749 358 802 putabat:
390 761 478 788 nam
511 760 609 787 sane
641 747 744 787 aliud
767 754 826 788 est
861 744 1320 800 Κρητάων-εὐρειάων
1348 745 1449 795 apud
1471 746 1698 787 Homerum.

170 819 284 861 Nunc
315 819 433 858 video
465 823 696 858 constanter
727 820 784 858 sic
817 818 917 870 legi:
950 819 1022 857 καί
1049 815 1183 869 νήσων
1206 818 1386 858 ἐπέτεινε
1418 822 1494 857 etc.
1541 817 1699 858 Modum

170 892 204 932 si
237 892 324 943 quis
359 895 544 943 quaerat,
575 902 652 942 quo
685 891 787 930 haec
817 901 920 928 nexa
953 889 1120 937 fuerint,
1147 893 1188 928 ut
1224 888 1274 928 de
1306 888 1436 928 multis
1478 901 1699 941 proponam

171 975 314 1012 unum,
349 951 613 1002 Callimachus
642 963 693 1002 ita
723 963 872 1014 potuit:
908 955 986 1001 ἶΗν
1018 958 1189 1013 χρόνος,
1230 959 1335 1013 ἡνίκ’
1373 985 1427 993 —
1459 986 1509 992 —
1542 986 1594 992 —
1629 960 1702 1000 καί

170 1035 308 1086 νήσων
341 1031 524 1074 ἐπέτεινε
554 1036 593 1084 β,
617 1035 649 1082 ζ.
669 1050 708 1072 α.
735 1033 784 1071 Μ.
814 1033 864 1072 ad
899 1032 1119 1083 exemplum
1151 1032 1334 1071 similium
1363 1033 1563 1072 initiorum
1595 1032 1699 1084 apud

171 1106 414 1146 Lobeckium
435 1105 632 1158 Aglaoph.
652 1105 677 1142 Ι.
711 1116 747 1154 p.
774 1103 867 1142 246.
895 1104 984 1141 add.
1017 1103 1216 1142 Theocrit.
1236 1103 1315 1142 VH.
1341 1106 1374 1142 1.
1433 1104 1502 1142 Vel
1521 1098 1600 1142 ’Ὶ-Ιν
1631 1099 1701 1142 ὅτε

170 1203 223 1209 -
255 1182 294 1217 ut
323 1178 361 1216 in
382 1177 550 1228 Cypriis.
584 1175 630 1216 V.
657 1176 774 1216 docta
805 1175 1013 1216 Schael'eri
1042 1175 1254 1227 disputatio
1288 1177 1325 1214 in
1346 1175 1386 1215 L.
1419 1175 1511 1215 Bos.
1545 1187 1584 1227 p.
1605 1174 1700 1216 543.

170 1264 255 1302 seq.
282 1251 348 1290 ubi
388 1255 576 1289 accurate
610 1249 789 1289 collectis
822 1261 872 1288 ex
902 1248 1149 1300 Anthologia
1181 1247 1373 1298 exemplis
1405 1259 1508 1286 nunc
1541 1246 1700 1286 adden-

171 1323 260 1362 dum
291 1327 350 1362 est
383 1334 528 1362 novum
564 1322 728 1372 Paralip.
765 1333 800 1372 p.
833 1321 926 1359 775.
960 1332 997 1359 n.
1025 1320 1087 1359 27.
1131 1319 1312 1370 Append.
1344 1319 1462 1358 Anth.
1496 1319 1613 1358 Palat.
1648 1318 1698 1359 Π.

168 1407 206 1446 ρ.
240 1395 333 1434 822.
366 1406 402 1433 n.
438 1393 531 1434 207.
591 1393 639 1432 Et
670 1404 772 1444 quae
814 1404 836 1431 e
871 1390 1331 1448 carminibusnGregorii
1362 1389 1557 1438 Theologi
1597 1401 1701 1429 con-

170 1467 280 1517 gessi
312 1466 350 1504 in
381 1465 590 1516 prooemio
621 1464 807 1516 quodam.
868 1463 934 1503 ubi
967 1463 1198 1515 Cypriorum
1238 1462 1388 1500 initium
1423 1463 1589 1501 restituo
1619 1461 1699 1501 hoc

169 1537 365 1589 probabili
398 1537 546 1576 modo:
578 1530 656 1575 3[ᾖ]
689 1532 755 1574 ὅτε
785 1535 920 1586 μυριά
953 1535 1067 1587 φῦλα
1097 1532 1203 1573 κατὰ
1237 1532 1374 1585 χθόνα
1408 1533 1700 1584 [πουλυβότει-

169 1615 264 1661 ραν]
290 1605 531 1657 πλαζόμενοι
565 1609 806 1660 [στειβεσκε]
831 1607 1129 1657 βαθυστέρνου
1163 1602 1316 1650 πλάτος
1345 1602 1451 1658 αἴης.
1513 1604 1701 1644 Callima-

172 1681 270 1720 chus
304 1680 387 1732 ipse
419 1680 458 1718 in
491 1678 733 1719 Choliambis
759 1677 913 1729 Fragm.
937 1676 1162 1716 LXXXVH.
1194 1677 1298 1729 quod
1329 1689 1401 1729 pro
1432 1676 1601 1716 exordio
1636 1675 1701 1715 sa-

168 1752 286 1792 bulae
320 1751 486 1791 alicuius
517 1752 688 1790 habeas:
715 1744 795 1789 ³Hv
824 1756 955 1796 κεῖνος
984 1746 1221 1800 ὁύνιαυτός,
1249 1742 1281 1804 ᾧ
1311 1745 1354 1788 τό
1384 1762 1428 1788 τε
1451 1745 1600 1801 πτηνόν
1620 1750 1697 1786 etc.

282 1823 343 1862 Ad
376 1823 590 1862 dictionem
632 1821 776 1861 similia
814 1822 1003 1860 annotavi
1036 1821 1137 1860 haec
1175 1834 1225 1861 ex
1259 1820 1514 1872 Apollinare:
1557 1818 1696 1859 Psalm.

168 1894 305 1934 LXXI.
341 1892 483 1934 οἷο-ατε
519 1895 637 1945 νῆσοι
672 1893 785 1945 δῶρ’,
815 1918 868 1924 —-
899 1893 1020 1944 γαίης
1043 1907 1120 1943 μεν
1140 1893 1339 1944 βασιλῆες
1368 1887 1465 1943 ὅλης
1488 1887 1578 1940 ἅμα
1597 1903 1698 1941 yon..

169 1963 406 2003 ινάσσαιντο.
448 1961 574 2003 ἔθνεά
609 1961 644 2004 οἱ
676 1969 853 2004 παντοῖα
888 1964 1009 2003 nori
1040 1963 1178 2018 ζυγῷ
1209 1964 1415 2015 αὐχένα
1444 1959 1582 2015 θείη.
1637 1961 1698 2000 Ps.

169 2035 307 2074 XCIX.
341 2032 560 2076 α’θανάτου
589 2037 805 2087 χαίροντες
836 2031 937 2074 ὑπὸ
973 2032 1134 2086 ζυγὸν
1166 2029 1381 2086 αὐχένα
1411 2034 1591 2074 θέσθε.
1634 2032 1695 2071 Ps.

171 2106 229 2145 Cl.
259 2104 389 2157 αὐτὰρ
424 2109 696 2157 κοιρανιόισιν
714 2106 774 2155 (Ῠ)
804 2101 892 2145 ἑὸν
923 2103 1086 2156 ζυγὸν
1120 2105 1324 2157 αὐχένα
1356 2107 1524 2157 (αὐχένι
1538 2105 1579 2153 ’.7)
1609 2102 1696 2155 θη-

169 2191 266 2219 σει.
327 2178 378 2216 At
407 2178 526 2217 sutilis
558 2182 709 2227 auctor,
743 2177 886 2226 aucli03
913 2189 1044 2229 neque
1074 2190 1120 2217 ea
1153 2177 1384 2227 similitudo,
1415 2181 1456 2216 ut
1485 2176 1694 2228 quicquam

171 2249 220 2288 ad
252 2248 523 2288 illustrandum
561 2248 839 2288 Callimachum
883 2250 1073 2289 cout'erat.
1142 2250 1278 2301 Neque
1320 2260 1397 2301 ego
1436 2252 1694 2288 annotassem

171 2321 259 2371 ista,
290 2321 364 2360 nisi
397 2321 519 2359 semel
551 2320 791 2360 monendum
821 2326 941 2370 esset,
973 2321 1242 2373 Apollinarem
1274 2322 1326 2360 ita
1358 2320 1542 2371 Homeri,
1573 2319 1696 2359 Calli-

172 2393 325 2442 machi,
361 2404 435 2432 usu
470 2404 517 2431 ac
548 2391 719 2431 lectione
752 2394 938 2432 nutritum
972 2394 1310 2443 exercitatumque
1344 2392 1483 2443 videri,
1510 2397 1552 2433 ut
1580 2392 1695 2432 simi-

171 2464 296 2504 litudo
332 2465 450 2504 etiam
481 2465 610 2504 levior
649 2463 765 2502 facile
798 2464 1027 2504 imitationis
1066 2465 1151 2503 sive
1199 2464 1446 2504 voluntariae
1490 2464 1576 2503 sive
1613 2473 1695 2502 non

172 2534 420 2574 voluntariae
453 2536 723 2587 suspicionem
754 2540 924 2574 moveat.
985 2536 1033 2575 Et
1062 2536 1312 2576 Homericam
1341 2537 1600 2575 imitationem
1631 2539 1696 2574 ta-

172 2619 274 2657 ceo,
307 2619 422 2658 quum
460 2612 498 2646 et
528 2607 735 2648 manifesta
769 2607 896 2646 multis
935 2607 1060 2657 locis,
1098 2613 1137 2647 et
1168 2608 1362 2648 Homerus
1402 2609 1436 2647 is
1467 2608 1538 2657 sit,
1577 2618 1692 2658 quem

172 2683 317 2718 norunt
346 2689 497 2717 omnes.
556 2679 602 2718 Ut
629 2690 746 2718 unum
776 2679 975 2730 proferam
1009 2679 1058 2718 de
1090 2679 1329 2728 levioribuS,
1362 2683 1401 2718 et
1439 2690 1539 2730 quae
1574 2676 1692 2717 facile

170 2754 421 2805 praetereant
449 2750 671 2800 tegentem,
702 2736 953 2790 Homericum
983 2755 1043 2789 est
1074 2749 1220 2800 θαῦμά
1255 2751 1297 2800 μ’
1324 2747 1410 2801 ἔχει
1445 2749 1582 2789 Psalm.
1615 2748 1690 2788 CV.

172 2825 208 2859 ct
241 2818 484 2860 CXXXVIII.
516 2820 620 2859 unde
661 2823 697 2860 in
731 2822 924 2861 lacunoso
955 2821 1072 2861 Paulli
1106 2820 1319 2861 Silentiarii
1362 2820 1452 2860 loco
1484 2821 1622 2874 Έκφρ.
1657 2837 1692 2860 τ.
