1856 3126
717 132 1018 169 -131—

97 251 285 292 Addend.
314 251 352 291 in
383 248 587 289 Theocrit.
615 259 652 299 p.
686 247 782 288 395.
843 248 914 289 Cui
944 249 1202 302 explicationi
1242 260 1325 290 non
1365 250 1527 291 multum
1561 251 1639 291 ob-

97 326 200 371 stat,
229 319 337 373 quod
366 318 512 359 dicitur
544 317 567 372 ἦ
596 320 784 370 γέρανος.
844 321 924 361 Sed
956 321 1239 361 abstinendum
1281 326 1368 373 est,
1405 327 1446 364 et
1485 335 1638 377 prope-

96 393 265 435 randum
299 403 378 443 eo,
410 392 478 432 ubi
510 392 615 445 pede
645 395 775 448 magis
810 400 923 436 certo
953 396 1115 449 ingredi
1142 396 1276 436 liceat.

207 463 411 504 Credibile
440 469 502 505 est
531 467 796 507 excusavisse
826 467 1007 507 Hecalen
1038 472 1314 519 paupertatem
1336 480 1464 520 suam,
1492 473 1636 510 tenues

98 537 251 589 epulas.
309 536 358 576 Ut
391 536 540 589 aliquid
574 539 848 585 excusationis
886 539 1092 591 praefatur
1122 539 1322 580 Eumaeus
1354 540 1502 593 Odyss.
1531 541 1633 583 XIV.

95 607 163 647 58.
193 611 233 646 et
262 607 330 647 80.
389 607 447 647 Ibi
478 608 615 649 insero
647 622 808 650 versum
848 610 1067 663 anonymi,
1112 623 1228 663 quem
1272 612 1487 652 admodum
1527 612 1636 653 felici

95 679 330 719 coniectura
362 679 622 721 Ruhnkenius
653 681 792 734 Epistt.
834 682 960 721 Tittm.
996 694 1036 734 p.
1078 683 1144 725 21.
1189 684 1420 724 Callimachi
1459 696 1553 725 esse
1594 690 1636 726 et

95 764 149 792 ex
179 751 330 792 Hecale
360 752 578 804 divinavit,
612 753 717 806 apud
746 754 909 795 Suidam
940 767 978 794 v.
1014 751 1178 806 Λιμὸςε

315 826 490 877 γαστέρι
513 827 669 877 μοῦνον
699 824 842 878 ἔχοιμι
873 829 1004 880 κακῆς
1033 827 1237 880 α’λκτήρια
1267 828 1410 879 λιμοῦ.

90 896 149 937 Cf.
182 895 292 938 Suid.
324 896 551 951 Ἀλκτήρια
591 899 732 948 λιμοῦ.
803 898 973 952 Recepit
1013 901 1119 940 inter
1161 900 1401 953 Fragmenta
1444 900 1636 942 Callima-

91 968 155 1009 chi
190 968 474 1019 Blomlieldius,
506 968 716 1010 CCCCXC.
777 969 923 1010 Thesei
952 970 1107 1023 verba,
1149 973 1434 1024 respondentis
1464 972 1514 1012 ad
1556 985 1634 1012 ex-

89 1041 341 1080 cusationem
396 1040 567 1081 Hecales
587 1072 598 1092 ‚
654 1041 719 1082 vel
763 1045 1050 1083 antevertentis
1109 1044 1266 1093 paranti
1324 1044 1632 1084 excusationem

90 1112 280 1152 Hecalae.
355 1112 471 1165 Apud
511 1112 792 1154 Ruhnkenium
842 1116 1062 1156 memoriae
1101 1116 1242 1168 lapsu,
1282 1120 1326 1156 ut
1378 1119 1504 1168 puto,
1554 1115 1633 1156 ἀλ-

87 1183 240 1237 κτήρια
272 1181 428 1224 νούσου
459 1184 616 1237 legitur.
678 1185 795 1233 Quod
837 1198 910 1238 per
951 1199 996 1227 se
1037 1188 1200 1227 minime
1247 1187 1490 1240 displiceret.
1535 1189 1632 1228 νοῦ-

87 1269 160 1302 σος
189 1255 294 1295 enim
338 1259 451 1295 recte
484 1256 640 1306 fames,
684 1269 763 1296 non
805 1257 932 1298 solum
968 1258 1033 1298 illa
1079 1260 1279 1312 inexpleta
1323 1260 1630 1314 Erysichthonis

89 1327 241 1369 Callim.
274 1328 312 1367 h.
341 1327 431 1367 Cer.
450 1327 517 1368 68.
548 1328 621 1368 sed
651 1330 781 1368 omnis
813 1329 941 1369 fames
971 1331 1187 1381 diceretur,
1219 1333 1286 1372 ubi
1317 1332 1453 1372 addita
1483 1334 1632 1386 γαστέ-

90 1414 164 1451 ρος
191 1399 356 1439 mentio.
418 1398 624 1452 ἀλκτήρια
656 1406 846 1452 νούσων,
883 1402 956 1442 sed
999 1403 1050 1443 de
1094 1403 1246 1444 morbis
1293 1405 1456 1457 proprie
1500 1405 1631 1455 dictis,

86 1470 292 1512 Nicander
320 1470 506 1523 Alexiph.
536 1470 631 1512 350.
665 1477 705 1512 et
740 1472 873 1514 νόσων
901 1472 1110 1527 α’λκτήρια
1140 1475 1255 1515 Ther.
1280 1477 1375 1515 598.
1421 1471 1630 1530 ἆλκτήρια

89 1542 255 1582 νούσων
296 1543 463 1584 Nonnus
501 1543 656 1596 Evang.
703 1544 757 1584 lo.
790 1545 853 1585 ΙΙΙ.
890 1543 955 1585 14.
993 1546 1043 1586 cf.
1090 1546 1316 1601 ἄλκτήριον
1349 1548 1452 1588 Xlll.
1485 1549 1524 1587 4.
1564 1548 1632 1588 ubi

87 1619 220 1654 tamen
255 1612 504 1668 θελκτήριον
534 1615 799 1659 HermannuS.
834 1623 875 1657 et
902 1619 1070 1670 Dionys.
1102 1618 1218 1658 XLV.
1237 1621 1333 1661 348.
1393 1622 1523 1673 κακῆς
1553 1620 1632 1660 α’).-

87 1683 240 1740 κτήρια
271 1685 444 1740 χάρμης
475 1688 644 1735 Quintus
674 1689 830 1741 Smyrn.
865 1690 932 1730 IX.
962 1692 1050 1730 121.
1083 1690 1149 1731 Xl.
1173 1692 1270 1736 424.

200 1758 248 1799 Ut
280 1759 384 1811 apud
415 1759 602 1800 Ovidium
634 1765 844 1814 postquam
877 1762 1095 1802 considere
1127 1764 1227 1803 deos
1260 1766 1465 1805 iusserunt
1492 1764 1631 1805 Phile-

84 1842 178 1870 mon
210 1835 251 1870 et
279 1831 450 1883 Baucis,
482 1834 707 1884 proximum
736 1833 902 1874 Baucidi
937 1839 1019 1884 est,
1052 1835 1187 1888 ignem
1219 1838 1401 1877 excitare
1433 1838 1472 1876 in
1516 1836 1628 1887 foco,

85 1902 231 1943 eodem
273 1903 440 1954 ordine,
483 1909 525 1944 ut
569 1910 693 1957 puto,
737 1907 940 1958 processit
986 1907 1134 1947 Hecale
1176 1908 1420 1949 Callimachi.
1468 1909 1625 1961 Fragm.

85 1975 342 2016 CCCCLlX⁴³.
373 1988 424 2016 ex
457 1976 628 2030 Etymol.
657 1978 736 2018 MS.
772 1979 870 2018 Bibl.
903 1979 1090 2020 Leidens.

848 2051 1088 2091 παλαίθετα
1122 2052 1230 2091 κᾶλα
1262 2051 1457 2106 καθῄρει.

84 2131 173 2159 cum
202 2121 463 2161 annotatione
499 2121 751 2161 Ruhnkenii:
781 2121 932 2162 Hecale
952 2127 1113 2162 vetusta
1133 2123 1256 2174 liqna,
1288 2123 1432 2175 quibus
1460 2124 1503 2163 in
1529 2125 1625 2177 foco

83 2195 291 2244 uteretur,
335 2193 384 2233 de
410 2197 525 2233 strue
556 2198 628 2234 aut
670 2194 832 2234 aliunde
863 2195 1053 2234 detraxit.
1129 2195 1314 2235 Imitatus
1358 2200 1420 2235 est
1452 2194 1624 2236 Ovidius

84 2261 243 2305 Metam.
283 2264 393 2306 VIII.
423 2266 521 2306 644.
552 2266 600 2306 cle
629 2265 821 2306 Baucide.
882 2267 1013 2307 Verba
1051 2273 1142 2307 sunt
1171 2268 1325 2308 Ovidii:
1367 2269 1624 2319 ramaliaque

82 2335 204 2376 arida
236 2341 336 2377 tecto
367 2337 532 2378 Detulit.
589 2338 679 2378 Non
710 2340 842 2378 statim
875 2340 1055 2390 extrico,
1085 2352 1135 2380 an
1168 2340 1273 2380 idem
1307 2341 1359 2380 sit
1386 2340 1489 2380 liber
1521 2340 1622 2393 Ety-

81 2407 174 2447 mol.
206 2407 278 2448 Ms.
306 2409 408 2450 Bibl.
449 2410 639 2450 Leidens.
682 2415 722 2450 et
763 2411 1009 2451 Glossarium
1043 2411 1115 2451 Ms.
1151 2411 1416 2462 Vossianum,
1445 2424 1495 2452 ex
1540 2425 1618 2465 quo

80 2480 223 2520 eadem
266 2480 330 2520 vel
360 2494 525 2534 prorsus
557 2484 701 2524 similia
735 2488 925 2524 annotata
964 2489 1056 2524 sunt
1101 2484 1140 2523 in
1187 2483 1350 2525 schedis
1392 2485 1619 2527 Ruhnkenii

79 2553 220 2605 Epistt.
251 2553 464 2594 Tittmann.
493 2567 530 2607 p.
565 2554 656 2595 103.
689 2567 748 2608 sq.
810 2556 937 2603 Quum
980 2568 1062 2595 non
1103 2557 1289 2596 omnibus
1334 2562 1497 2608 praesto
1541 2558 1619 2597 sint

79 2625 286 2678 Epistolae
318 2625 434 2676 illae,
467 2638 663 2679 apponam
709 2640 812 2680 quae
859 2629 914 2668 ibi
958 2628 1188 2668 reseruntur
1233 2640 1256 2667 e
1296 2628 1504 2669 Glossario
1544 2631 1616 2670 Ms.

76 2697 304 2738 Vossiano:
337 2694 659 2754 Καλόστροφος·
688 2698 997 2753 σχοινόπλοκος.
1063 2700 1209 2740 Κᾶλον
1234 2697 1315 2752 γάρ
1346 2700 1392 2741 τὸ
1416 2705 1612 2754 σχοινίον.

77 2767 177 2819 ἴσως
210 2767 270 2811 ὅτι
299 2769 381 2810 αἠὸ
414 2772 489 2810 τοῦ
531 2774 685 2825 φλοιοῦ
712 2770 839 2820 ξύλου
874 2771 917 2813 τὸ
954 2774 1119 2825 πρῶτον
1156 2769 1443 2827 ἐπετηδεύθη·
1487 2775 1614 2814 κοῖλον

74 2837 154 2894 γὰρ
184 2837 232 2881 τὸ
265 2838 386 2890 ξύλον
415 2838 606 2894 εἴρηται,
637 2840 715 2896 ἀφ’
748 2836 797 2883 οὗ
829 2843 1062 2897 καλόηους,
1096 2842 1141 2883 τὸ
1175 2841 1398 2897 λεγόμενον
1426 2845 1615 2887 ualonu-
