1820 3141
840 166 1083 202 -6-.

211 281 490 337 particulisque
525 280 765 321 constitisse.
825 281 969 320 Contra
997 281 1144 321 Hecale
1170 292 1328 321 carmen
1360 280 1431 320 suit
1461 278 1627 330 epicum.
1669 277 1719 318 Et

211 356 290 397 hoc
318 353 475 406 quidem
505 357 658 392 mature
689 351 928 392 intellectum
960 357 1032 392 est.
1103 353 1140 393 A
1180 353 1372 393 Salmasio
1412 352 1585 392 Exere-it.
1623 349 1718 390 l‘lin.

211 441 248 480 p.
281 426 374 467 60¹.
408 425 444 464 b.
484 424 524 464 F.
556 422 760 462 Postremo
803 423 1068 463 Callimachus
1110 423 1227 463 etiam
1266 423 1353 474 ipse
1391 422 1504 474 epico
1545 420 1722 460 carmine

213 498 415 548 inclaruit,
447 509 522 549 quo
542 496 716 536 llecalen
743 495 971 536 celebravit.
1031 496 1078 536 Et
1107 496 1185 536 lioc
1216 496 1300 536 sere
1329 495 1452 536 voluit
1472 494 1570 533 Dan.
1592 493 1722 533 Hein-

214 573 320 621 sius,
353 582 468 622 quum
498 568 706 609 Animadv.
746 570 785 608 in
824 569 958 609 Horat.
1001 569 1128 609 Carni.
1161 569 1189 608 l.
1221 568 1258 608 7.
1288 581 1322 620 p.
1360 569 1419 607 11.
1463 568 1513 606 ita
1560 565 1721 605 scribit:

216 640 496 690 Callimachus,
521 643 565 677 ut
591 644 724 678 notum
752 643 812 678 est
834 652 886 678 ea:
906 639 1073 690 hymnis,
1102 640 1204 678 male
1233 638 1421 678 audiebat
1449 638 1558 688 apud
1585 649 1722 676 acum-

215 715 302 763 los,
333 712 438 764 quod
469 712 558 751 sola
587 710 900 762 eptqram1nata,
933 710 1079 762 eleyias
1108 715 1145 750 et
1181 710 1371 761 ltyimzos,
1407 708 1556 747 nuttam
1594 711 1725 746 autem

217 796 377 825 carmen
404 774 598 822 scriberet
622 784 869 831 perpetuam.
929 779 1107 830 Quorum
1136 780 1291 819 iudiciis
1322 784 1559 828 commotus,
1588 779 1725 818 Heca-

215 858 304 907 len,
331 859 374 894 ut
401 857 538 892 notcmt
575 852 832 903 interpretes,
861 852 1092 903 composuit.
1152 852 1268 900 Quod
1294 856 1532 903 perpetuam
1564 863 1726 891 carmen

214 929 317 983 suit,
346 927 435 967 licet
467 937 545 963 nott
586 924 776 976 inteyram
810 924 948 964 Tlteset'
990 925 1313 976 complecteretur
1353 924 1585 974 historiam,
1624 923 1727 964 sicut

217 999 362 1040 aatltor
396 997 609 1046 Tlcesclrlis,
640 997 752 1036 caius
781 997 952 1036 meminit
976 997 1237 1048 philosophus
1269 997 1390 1046 [Poet.
1413 1010 1448 1037 c.
1469 999 1550 1046 8.];
1581 996 1648 1048 qm·
1676 995 1726 1035 ab

218 1083 264 1110 co
296 1069 398 1107 inter
427 1066 526 1114 τούς
559 1064 847 1117 πολυμύθους,
878 1071 915 1106 et
940 1067 1006 1118 qni
1036 1067 1078 1106 in
1104 1067 1273 1118 periodo
1297 1074 1528 1119 peccarent,
1559 1073 1602 1108 ut
1623 1081 1728 1107 non—

218 1139 316 1181 malta·
349 1138 444 1189 alit,
476 1138 706 1188 reponitur:
746 1142 822 1176 etc.
891 1138 1098 1189 Sapienter
1134 1138 1238 1177 hoc:
1285 1138 1374 1178 licet
1413 1151 1494 1177 uon
1537 1139 1730 1191 ancyram

223 1211 362 1252 Thesei
391 1210 718 1265 complecteretur
748 1209 969 1249 historiam.
1029 1208 1098 1249 Vel
1129 1211 1189 1249 sic
1223 1215 1352 1250 tamen
1379 1209 1607 1263 perduravit
1627 1222 1731 1264 quu-

221 1283 433 1324 dammodo
468 1293 581 1322 error
616 1279 857 1320 Casaubont.
916 1281 991 1327 Qui
1031 1281 1135 1320 enim
1174 1283 1327 1334 epicum
1366 1293 1526 1322 carmen
1557 1282 1732 1322 Hecaten

221 1357 344 1398 fuisse
372 1358 583 1404 noverant,
612 1353 930 1405 Valckenariuin,
960 1354 1164 1406 Toupium‚
1199 1359 1237 1394 et
1267 1354 1439 1395 sortasse
1457 1354 1732 1395 Ruhnkenium

222 1441 393 1482 quoque,
426 1428 500 1467 etsi
531 1438 723 1478 nusquam
756 1425 902 1465 diserte
932 1431 1170 1466 monuerunt
1203 1427 1252 1466 de
1281 1427 1428 1466 ambitu
1452 1426 1636 1477 Hecales,
1669 1430 1734 1465 ta-

222 1516 313 1545 men
343 1504 444 1543 iusto
475 1500 676 1540 liberalius
716 1501 895 1539 sensisse
935 1499 985 1539 de
1013 1499 1261 1552 longitudine
1293 1504 1411 1552 atque
1454 1498 1602 1539 ambitu
1640 1509 1734 1537 car-

223 1574 364 1625 minis,
395 1587 444 1615 ex
477 1586 525 1614 eo
557 1572 765 1623 suspicor,
797 1570 902 1622 quod
941 1570 992 1610 ad
1031 1570 1207 1611 Hecaten
1236 1581 1400 1622 prorsus
1442 1569 1602 1620 aliena,
1643 1579 1732 1608 meo

224 1647 379 1700 quidem
409 1646 584 1695 iudicio,
615 1645 663 1684 ab
696 1644 773 1683 hoc
805 1647 1039 1696 argumento
1070 1643 1316 1696 fragmenta,
1344 1647 1410 1684 aut
1441 1654 1491 1683 eo
1520 1641 1593 1682 sub
1622 1645 1731 1682 certa

224 1724 373 1760 tantum
405 1718 634 1758 conditione
662 1716 899 1764 reterenda,
930 1717 1118 1756 referunt.
1179 1716 1302 1763 Quam
1331 1717 1371 1756 in
1407 1728 1517 1766 rem,
1544 1720 1586 1757 ut
1611 1727 1730 1756 unuin

223 1806 329 1833 nunc
357 1792 576 1843 exemplum
607 1790 831 1842 proferam,
868 1788 960 1828 illud
993 1802 1015 1829 a
1043 1801 1106 1828 me
1137 1789 1228 1829 alibi
1258 1793 1396 1830 contra
1426 1787 1729 1829 Valckenariuin

225 1865 276 1905 de
307 1864 535 1904 Callimachi
567 1864 803 1916 Fragmento
839 1862 1038 1902 CCXXVI.
1073 1863 1258 1914 scriptum
1292 1862 1385 1901 suit:
1418 1860 1480 1901 Ac
1507 1861 1555 1901 de
1582 1860 1731 1902 Hecale

223 1936 378 1988 quidem
409 1935 576 1987 copitar&
606 1934 712 1974 nullo
741 1935 855 1974 modo
881 1938 1024 1985 potest.
1081 1933 1229 1973 Hecale
1258 1935 1384 1982 enim,
1414 1933 1597 1985 quamvis
1627 1932 1731 1971 inter

223 2008 456 2050 Callimachi
491 2007 673 2048 carmina
702 2007 993 2059 lonyisslmum,
1035 2018 1116 2045 non
1158 2011 1238 2045 tam
1271 2005 1417 2058 inqenti
1458 2005 1605 2046 anabau
1642 2004 1730 2057 suit,

222 2095 346 2134 neque
373 2087 452 2121 tam
484 2082 647 2121 diversa
678 2079 925 2131 continebat,
956 2091 1073 2131 quam
1099 2079 1283 2119 videatur
1312 2077 1446 2118 alicui.

334 2154 524 2206 Equidem
559 2158 597 2194 ut
627 2152 802 2193 llecalen
836 2164 915 2192 non
945 2152 997 2191 ita
1032 2163 1216 2204 magnum
1246 2150 1368 2190 fuisse
1399 2160 1560 2188 carmen
1588 2152 1731 2201 putem,

222 2226 286 2265 vel
316 2237 386 2277 per
419 2237 463 2264 se
495 2237 572 2264 una
603 2224 722 2263 elficit
751 2235 876 2277 eaque
906 2222 1020 2261 valde
1052 2221 1218 2274 simplex
1249 2221 1490 2261 observatio.
1547 2220 1732 2260 Constitit

224 2297 370 2338 Hecale
400 2308 478 2337 uno
508 2296 630 2346 libr03
661 2293 777 2347 quum
806 2295 1038 2347 saepissime
1061 2294 1256 2334 excitetur
1276 2292 1538 2333 Callimachus
1555 2290 1728 2347 εΕκοὶλῃ,

223 2381 416 2420 nusquam
458 2367 638 2408 laudatur
677 2364 856 2420 Ἕκάλης
887 2363 936 2417 α’,
963 2363 1018 2417 β’,
1046 2365 1092 2418 γ’.
1160 2363 1275 2412 Quod
1317 2365 1570 2405 observatum
1612 2365 1732 2404 etiam

225 2441 460 2482 Weiclierto
491 2440 540 2480 de
570 2441 649 2479 vita
679 2443 718 2479 et
748 2450 867 2478 carm.
899 2437 1099 2490 Apollonii
1129 2436 1257 2477 Rliod.
1287 2449 1324 2489 p.
1349 2437 1415 2477 38.
1436 2440 1519 2476 not.
1575 2433 1731 2476 Deinde

226 2518 499 2565 argumentum
528 2512 714 2552 carminis
745 2515 822 2550 tam
851 2515 1035 2551 accurate
1075 2510 1265 2550 describit
1297 2514 1414 2561 atque
1446 2506 1734 2549 circumscribit

226 2584 498 2637 Crinagoras,
535 2589 577 2624 ut
606 2596 655 2626 ea
688 2583 738 2623 de
779 2595 822 2623 re
863 2582 958 2624 nihil
986 2584 1036 2622 sit
1074 2581 1180 2634 quod
1210 2581 1377 2621 dubites.
1447 2580 1533 2620 Fuit
1572 2577 1734 2629 hospita

229 2656 369 2696 Thesei
396 2656 571 2707 Hecate,
601 2661 641 2696 et
677 2655 815 2696 Thesei
843 2667 930 2695 cum
968 2660 1086 2694 tauro
1115 2653 1371 2694 Marathonio
1391 2663 1540 2704 puyna.
1596 2651 1733 2703 Argu-

226 2733 414 2776 mentum,
448 2733 488 2767 ut
511 2734 687 2780 apparet,
717 2728 840 2768 breve
863 2739 911 2767 ac
938 2726 1128 2778 simplex:
1162 2727 1224 2766 cui
1252 2736 1353 2778 quae
1373 2723 1545 2763 admixta
1576 2720 1734 2763 suerunt

227 2799 318 2850 alia,
352 2804 544 2851 tamquam
568 2800 747 2851 episodia
775 2801 923 2840 inserta
954 2799 1076 2840 luisse
1103 2809 1272 2838 necesse
1302 2800 1387 2846 cst;
1417 2806 1517 2847 quae
1537 2793 1733 2846 episodia,

225 2873 302 2913 nisi
333 2873 416 2925 ipse
447 2873 665 2915 obscurare
696 2885 779 2913 rem
814 2871 1038 2926 primariam
1069 2869 1328 2910 Callimachus
1361 2865 1584 2909 incredibili
1613 2870 1731 2921 atque
