1856 3126
733 130 1009 168 —33ffl

113 249 266 298 attinet,
293 258 397 288 nunc
423 257 506 286 non
536 256 709 297 quaero:
741 245 1021 286 Callimachum
1050 256 1200 286 censeo
1224 257 1340 299 quum
1364 243 1415 284 ita
1437 242 1624 296 scriplum

112 322 152 361 in
182 332 254 361 suo
284 318 447 359 Homeri
480 314 662 367 exemplo
693 315 937 366 repperisset
966 321 1258 368 agnossetque,
1298 328 1379 355 non
1422 314 1626 354 dubitasse

111 393 188 434 hac
217 392 453 432 auctoritate
484 389 654 429 eandem
691 388 733 427 in
761 387 897 427 verbis
933 387 1074 428 iisdem
1115 401 1321 429 caesuram
1364 389 1511 429 facere.
1580 387 1628 427 Et

111 466 184 515 sic,
212 463 318 516 quod
347 459 629 509 memorabile,
660 460 911 498 recentiores
950 463 1041 510 post
1068 459 1281 498 Homerum
1312 464 1350 498 et
1389 464 1479 511 post
1508 458 1629 498 Calli-—

110 535 318 576 maehum:
361 533 455 574 ἐπεί
496 531 571 570 οὔκ
609 526 675 583 ἄρ’
715 527 886 580 ἐζιιελλεν
924 528 1058 582 ἐκείνη
1094 530 1239 570 Aratas
1279 531 1422 570 Phaon.
1452 530 1546 571 657.
1580 531 1628 570 σὲ

111 610 147 648 δ’
167 607 241 647 οὐκ
271 601 338 659 ἄρ’
363 603 534 656 ὲζιιελλεν
563 601 728 656 ὀνήσειν
749 603 915 650 Quintus
935 603 1088 654 Smyrn.
1109 602 1209 642 XIII.
1231 602 1324 642 368.
1382 603 1434 641 At
1463 605 1503 642 in
1532 603 1629 654 Epi-

108 681 330 732 grammate
360 673 589 715 Callimachi
618 673 644 714 I.
680 675 742 713 15.
768 674 854 713 sive
886 673 979 713 illud
1009 686 1054 713 re
1076 686 1171 712 vera
1193 674 1421 714 Callimachi
1454 676 1516 725 sit,
1541 676 1626 714 sive

111 750 211 789 alius
243 748 315 788 sed
345 760 425 787 non
458 745 549 786 mali
578 750 742 798 poetae,
772 745 840 785 ubi
870 745 990 798 vulgo
1024 758 1075 785 ex
1108 745 1378 799 Anthologia7
1409 748 1525 786 etiam
1554 748 1631 786 Pa-

110 823 247 872 latina,
269 818 342 873 τὴν
361 821 397 860 d·
420 818 562 872 ὀλίγην
591 817 647 865 αἷς
676 823 808 866 κεῖνος
835 815 876 866 ἐς
906 814 1210 870 οἷκονὲριήγετο
1226 813 1409 873 νύμφην,
1438 819 1501 857 vel
1518 815 1648 872 ‘2⁷¹5‘ss

108 909 212 947 γετο,
242 895 310 933 vix
341 893 498 932 dubium
527 893 618 944 quin
649 891 915 944 praeferenda
942 892 1136 944 Diogenis
1166 893 1358 944 scriptura
1387 892 1532 931 Laertii
1557 895 1631 931 sit:

261 962 337 1017 τὴν
364 965 403 1003 d'
433 959 575 1017 ὀλίγην
604 962 660 1010 ὠς
690 968 822 1011 κεῖνος
851 965 893 1011 ἐς
923 964 1050 1004 οἰκίον
1080 958 1207 1016 ἤγαγε
1231 962 1412 1018 νύμφην.

113 1035 254 1089 οἰκίον,
283 1048 364 1076 non
394 1037 619 1076 inusitatum
638 1035 896 1083 Callimacho,
923 1035 961 1074 h.
980 1035 1065 1075 Del.
1085 1036 1179 1076 282.
1199 1040 1238 1075 ct
1254 1036 1409 1089 Fragm.
1431 1035 1630 1076 CXCVIII.

114 1110 202 1161 sed,
235 1110 530 1162 significatione
563 1108 793 1147 deminutivi
822 1108 1005 1160 propria,
1037 1108 1215 1160 inprimis
1245 1113 1377 1161 aptum
1406 1108 1498 1148 huie
1527 1108 1631 1147 loco.

115 1183 326 1235 opponitur
355 1182 546 1232 μείζονος
575 1177 663 1220 οἷκ3
695 1193 731 1219 v.
758 1180 819 1220 13.

224 1256 501 1306 Fragmentum
539 1252 826 1292 CCLXXXVII.
860 1252 1100 1293 documento
1145 1257 1225 1303 est,
1261 1252 1418 1305 quantis
1462 1255 1512 1295 sit
1549 1256 1635 1296 sra-

112 1331 363 1380 gmentorum
392 1325 591 1374 tractatio,
616 1323 734 1363 etiam
767 1324 939 1376 diligens
970 1328 1009 1364 et
1039 1324 1224 1365 sollerter
1254 1326 1445 1377 instituta,
1472 1329 1649 1368 νίοῑεεῑ-1

114 1399 315 1441 tudinibus
346 1397 532 1438 obnoxia.
594 1396 789 1444 Quamdiu
818 1396 923 1436 haee
964 1401 1113 1437 tantum
1146 1409 1198 1436 ex
1225 1398 1438 1438 Ammonio
1470 1413 1507 1452 p.
1542 1401 1632 1441 106.

112 1476 208 1512 nota
239 1474 354 1511 erant
384 1469 509 1510 verba
539 1467 791 1509 Callimachi:
830 1468 985 1509 εἵνεκεν
1026 1468 1106 1521 οὐχ
1146 1471 1190 1509 ἓν
1220 1464 1401 1522 ἄεισμα,
1438 1472 1634 1524 probabili

49 1585 54 1590 ,
112 1543 400 1585 Valckenarius
433 1541 583 1581 Callim.
615 1541 727 1594 Eleg.
756 1541 911 1594 Fragm.
934 1554 972 1594 p.
995 1543 1086 1582 297.
1119 1542 1350 1583 coniectura
1375 1544 1634 1585 coniunxisse

114 1628 164 1656 ca
194 1615 318 1655 verba
351 1626 438 1654 cum
468 1613 706 1666 Fragmento
747 1613 983 1654 CCLXXIX.
1025 1613 1130 1654 hunc
1173 1616 1213 1655 in
1259 1616 1441 1658 modum:
1481 1618 1634 1658 εἵνεκεν

112 1689 193 1740 οὐχ
221 1688 265 1727 'cf-v
294 1682 465 1737 ἄεισμα,
494 1683 614 1725 νόθοι
643 1687 682 1725 δ”
706 1680 896 1739 ἤνθησαν
923 1685 1089 1736 αόιδαί,
1120 1686 1249 1727 videri
1285 1692 1466 1740 polerat‚
1498 1690 1634 1729 visus-

112 1773 188 1815 que
218 1765 279 1801 est
305 1759 398 1800 mihi
429 1759 468 1798 in
493 1757 782 1798 Dissertatione
804 1757 955 1808 critica,
982 1757 1126 1798 Annal.
1147 1760 1395 1800 Academiae
1413 1761 1632 1802 Rhenanae

110 1847 148 1888 p.
179 1835 274 1875 397.
332 1831 524 1885 Fugiebat
553 1835 632 1870 tum
664 1835 913 1888 meerutum
945 1843 996 1870 ex
1021 1831 1235 1883 Apollonio
1265 1832 1362 1886 περὶ
1383 1835 1630 1887 συνδέσμων

114 1918 136 1945 a
166 1905 300 1945 Bastio
330 1904 380 1944 ad
403 1905 523 1956 Greg.
546 1903 636 1943 Cor.
659 1913 696 1954 p.
715 1902 809 1942 899.
843 1902 1000 1954 insigne
1032 1905 1251 1944 auctarium
1280 1898 1428 1957 ἤνυσα,
1454 1918 1531 1959 quo
1566 1907 1632 1947 illa

114 1978 344 2019 coniectura
375 1978 534 2034 penitus
564 1976 767 2015 evertitur.
825 1974 957 2015 Verba
987 1980 1078 2015 sunt
1105 1976 1324 2029 Apollonii,
1353 1978 1419 2018 ubi
1450 1979 1488 2018 in
1507 1972 1632 2019 ‘'Ere-1

113 2065 181 2091 κεν
211 2055 289 2090 tam
318 2050 461 2090 similia
495 2048 696 2090 Ammonii
724 2058 760 2100 p.
789 2046 879 2088 106.
911 2048 1166 2101 disputationi
1198 2050 1371 2101 disserit,
1400 2056 1442 2091 ut
1461 2052 1631 2092 Ammo-

113 2123 220 2162 nium
251 2134 322 2162 sua
363 2123 397 2162 si
428 2134 508 2162 non
541 2123 614 2175 ipsi
646 2122 884 2174 Apollonio,
915 2128 1025 2163 certe
1064 2124 1128 2163 alii
1166 2136 1253 2164 cum
1282 2125 1497 2177 Apollonio
1530 2138 1634 2166 cona¹

118 2195 281 2247 spiranti
306 2196 567 2247 grammatico
590 2195 737 2235 dehere
759 2199 903 2246 pateat,
933 2196 971 2235 in
992 2194 1162 2236 ssekkeri
1179 2198 1400 2238 Anccdotis
1420 2198 1465 2237 ΙΙ.
1484 2211 1519 2251 p.
1537 2200 1631 2249 505,

118 2267 179 2308 16.
197 2266 446 2318 ὲηίμεμπτσι
462 2260 536 2308 οὖν
550 2265 586 2307 οἱ
599 2264 673 2314 τὰς
691 2266 907 2316 συντάξεις
926 2271 1305 2321 παρασυγχέοντες,
1324 2263 1381 2311 ὧν
1401 2271 1491 2311 ἐστι’
1514 2272 1631 2312 Καλ-

115 2342 318 2391 λίμαχος·
359 2339 450 2378 ov'd'
479 2339 582 2379 ἕνεκ’
612 2334 840 2392 Εὐρυνόμη
866 2339 1074 2392 Τιτηνιάς,
1108 2342 1261 2381 εἵνεκεν
1283 2341 1364 2394 ⁰¹57.
1391 2344 1435 2382 ’ἐν
1461 2338 1633 2394 ἄεισμα.

119 2413 290 2465 φέρεται
319 2409 398 2463 γὰρ
438 2409 458 2452 ὃ
487 2408 722 2462 σύνδεσμος
765 2411 835 2451 ἐπὶ
873 2408 916 2451 τὸ
962 2406 1125 2465 ἤνυσα,
1169 2412 1240 2453 καί
1267 2415 1360 2454 δέον
1396 2414 1452 2469 τῷ
1481 2409 1632 2455 οὕνεκα

116 2479 484 2535 καταχρήσασθαι.
542 2483 628 2530 Quo
658 2483 938 2524 animadverso
971 2485 1099 2524 statim
1131 2485 1181 2524 ad
1220 2485 1394 2525 IIecalen
1437 2486 1515 2525 hoc
1548 2487 1633 2526 sra—

117 2559 333 2608 gmenluin,
364 2555 515 2594 εἵνεκεν
543 2556 623 2607 οὔχ
652 2556 696 2595 ’ἐν
724 2550 879 2607 ἄεισμα
903 2585 1075 2597 .....
1107 2551 1256 2607 ἤνυσα,
1286 2558 1509 2608 retuleram,
1536 2571 1634 2612 sup-

117 2628 398 2680 pleveramque
429 2626 480 2666 ad
511 2629 774 2677 sententiam,
808 2627 915 2680 quod
946 2641 1064 2680 supra
1103 2629 1142 2668 in
1174 2630 1405 2682 paraphrasi
1443 2631 1508 2671 illa
1544 2645 1634 2672 mea

118 2700 289 2750 positum
320 2703 391 2749 est,
427 2698 677 2748 continuum,
718 2712 833 2752 quum
862 2699 901 2740 id
944 2701 1068 2752 ipsum
1090 2730 1100 2749 ‚
1132 2701 1237 2753 quod
1267 2713 1343 2755 ego
1375 2704 1635 2755 supplendum

120 2773 400 2821 conioeeram,
446 2771 627 2811 codicem
675 2772 870 2824 praebere
917 2773 1115 2825 Apollonii
1162 2775 1351 2814 intellexi.
1424 2775 1480 2816 Ita
1518 2778 1637 2828 enim,

121 2855 235 2896 quem
265 2856 356 2884 sero
388 2844 558 2896 inspexi,
590 2844 792 2884 Betthorus
812 2845 849 2885 in
871 2845 1017 2885 Annot.
1040 2846 1190 2898 critica,
1210 2847 1363 2887 Anecd.
1378 2847 1439 2887 III.
1459 2860 1495 2900 p.
1517 2851 1634 2890 1117.

213 2926 336 2959 Naekt'i
361 2926 480 2970 Opusc.
507 2926 550 2959 lt.
1346 2919 1371 2958 3
