1856 3126
778 109 1056 147 -73—

159 227 263 268 Nihil
298 224 494 266 eiusmodi
524 225 768 275 Plutarchus,
801 238 933 277 neque
962 226 1041 266 hoc
1074 236 1220 265 nomen
1246 223 1370 263 fuisse
1393 222 1594 275 proprium
1625 222 1691 262 vi„

161 299 286 338 detur.
358 298 438 336 Etsi
471 296 575 347 hoc,
616 298 818 350 proprium
849 298 974 337 l'uisse
1005 309 1152 338 nomen
1172 329 1182 348 7
1216 303 1255 338 et
1285 297 1512 337 terminatio
1545 297 1693 336 usitata

160 371 201 410 in
229 368 456 409 nominibus
484 369 698 421 gentilibus
729 384 820 416 αιος
861 369 982 408 facile
1014 370 1133 409 alicui
1162 367 1428 420 persuadeat,
1458 373 1497 408 et
1521 369 1694 408 Tzetzen

162 441 384 481 credidisse
416 453 467 480 ex
499 442 635 481 verbis
669 442 755 482 eius
790 441 972 494 colligas.
1030 440 1083 479 At
1115 445 1225 479 certe
1257 440 1400 481 Suidas
1433 442 1569 480 aliter:
1602 441 1696 480 Κο-

159 513 339 564 λουραιά
367 514 525 565 πέτρα·
575 515 704 564 κοίλη,
735 514 986 564 κεκαμλιιέιή,
1020 506 1045 564 ἢ
1075 509 1321 563 στρογγύλη.
1382 510 1497 564 παρὰ
1531 513 1699 552 Καλλι-

158 582 298 639 μάχῳ.
360 585 410 624 Et
451 583 572 623 habet
608 596 754 624 nomen
784 584 985 636 proprium
1019 583 1235 622 Pausanias
1267 582 1312 621 ll.
1346 584 1428 631 32,
1460 583 1498 622 7.
1542 581 1624 633 34,
1655 581 1694 621 6.

160 654 294 706 πέτρα
338 655 511 709 Θησέως
551 654 862 708 ὀνομαζομένης
909 659 1000 694 ante
1043 654 1274 705 Theseum,
1320 652 1543 708 πρότερον,
1591 654 1697 693 lovis

160 725 306 778 βωμὸς
335 727 521 767 σθενίου.
581 728 901 780 Explicationcm
931 726 1077 767 Suidae
1107 726 1309 778 priorem,
1334 726 1471 778 κοίλη,
1501 724 1698 764 Plutarchi

160 798 249 838 saxi
283 798 501 852 descriptio
532 800 648 840 Thes.
680 812 714 839 c.
745 800 785 839 3.
825 798 1091 839 commendat.
1151 798 1268 849 Apud
1297 809 1381 848 me,
1416 801 1578 849 propter
1609 802 1700 849 ety-

160 870 404 924 mologiam,
436 869 576 921 κάλος,
608 870 806 923 κολοβός,
832 875 873 910 et
903 870 1009 922 quod
1041 871 1287 922 proximum,
1318 866 1538 921 κόλουρος,
1570 868 1701 919 expli-

164 943 268 983 catio
300 942 350 981 de
383 943 507 982 tribus
540 943 644 995 apud
675 944 837 984 Suidam
868 942 999 982 media
1031 941 1258 994 praevalet,
1289 941 1554 993 κεκαμμένη,
1590 939 1628 979 h.
1662 952 1698 978 e.

162 1026 301 1054 saxum
341 1015 578 1067 abruptum,
609 1015 862 1055 incurvatum
901 1027 948 1054 ac
988 1013 1245 1067 propendens
1291 1014 1331 1052 in
1373 1025 1491 1052 unam
1535 1016 1701 1064 partem.

164 1087 275 1134 Quae
309 1089 427 1127 ctiam
462 1100 559 1127 saxa
591 1088 747 1127 facilius
780 1087 1035 1136 attolluntur,
1075 1087 1140 1126 vel
1173 1085 1298 1125 attolli
1337 1097 1459 1137 posse
1501 1084 1702 1134 videntur,

165 1171 282 1211 quam
313 1171 415 1211 quae
448 1160 606 1211 aequali
635 1159 811 1211 undique
834 1158 1094 1198 fundamento
1116 1159 1251 1198 innixa
1284 1158 1484 1210 paullatim
1517 1157 1555 1196 in
1584 1157 1703 1196 altum

164 1233 386 1285 eriguntur.
448 1234 630 1285 Hyginus
661 1233 728 1272 ubi
760 1232 995 1285 Engonasin
1025 1231 1136 1272 sidus
1167 1230 1373 1279 describit,
1406 1229 1533 1281 quod⁷
1562 1229 1704 1282 Hege-

164 1305 344 1345 sianacte
380 1309 572 1354 auctore,
613 1304 810 1344 Theseum
854 1308 1157 1356 repraesentet,
1192 1303 1400 1342 Troezene
1445 1302 1704 1341 extollentem

163 1390 327 1429 saxum,
360 1378 467 1417 Poet.
501 1377 666 1416 Astron.
699 1376 745 1416 11.
778 1376 815 1416 ὃ.
851 1376 987 1428 itaque
1016 1375 1089 1414 nita·
1119 1375 1303 1423 videtui-7
1334 1373 1483 1423 inquit,
1512 1377 1557 1411 at
1585 1385 1705 1424 quam

163 1451 356 1491 altissime
389 1451 523 1501 possit
552 1450 725 1501 lapidem
766 1449 942 1488 eoetoltat.
1003 1447 1236 1487 Plutarchus
1268 1457 1355 1497 cap.
1386 1443 1424 1484 6.
1473 1442 1492 1483 ὁ
1542 1445 1587 1483 ὸὲ
1627 1441 1702 1495 τήν

162 1524 240 1574 μὲν
270 1525 424 1575 πέτραν
452 1520 602 1574 ὑπέδυ,
631 1522 704 1561 καί
733 1520 892 1578 ῥᾳδίως
921 1520 1093 1560 α’νέωσε.
1150 1519 1368 1559 Pausanias
1385 1517 1412 1556 l.
1447 1517 1511 1566 97,
1539 1516 1577 1555 S.
1609 1511 1705 1554 τού-

163 1609 238 1633 του
267 1594 313 1634 δὲ
343 1592 467 1635 εἰκών
497 1594 541 1634 ἐν
570 1590 796 1645 ἀκροπόλει
833 1590 1057 1645 πεποίηται
1085 1591 1160 1632 τοῦ
1191 1587 1344 1642 λόγου,
1379 1588 1542 1641 χαλκοῦ
1572 1583 1706 1625 πάντα

164 1661 318 1714 ὁμοίως
343 1663 451 1717 πλην
477 1667 548 1717 τῆς
576 1666 741 1718 πέτρας,
803 1663 860 1702 Cs.
879 1662 1200 1702 Winckelmann.
1222 1661 1466 1702 Monumenti
1498 1664 1575 1699 ant.
1599 1657 1704 1698 ined.

163 1736 277 1776 Num.
310 1736 375 1776 96.
408 1737 495 1777 Vol.
518 1736 545 1777 Ι.
579 1737 714 1790 Zoega
745 1736 992 1776 Bassirilievi
1019 1736 1060 1775 T.
1080 1735 1107 1778 Ι.
1138 1747 1176 1786 p.
1199 1733 1290 1773 996.
1322 1734 1417 1773 Tab.
1436 1732 1608 1773 XLVIII.
1640 1732 1707 1771 ubi

165 1808 522 1850 Winckelmannus
553 1821 590 1861 p.
635 1808 724 1849 130.
771 1808 898 1848 verba
941 1807 1105 1847 adhibet
1150 1806 1413 1846 Callimachi:
1456 1804 1703 1857 Κολουραι’ῃ

165 1879 245 1921 ὑπὸ
274 1881 426 1937 πέτρῃ,
454 1880 529 1920 sub
562 1891 664 1931 rupe
695 1889 813 1918 cava.
884 1878 994 1918 Idem
1035 1889 1215 1931 gemmas
1257 1887 1306 1916 eo
1354 1877 1592 1928 argumento
1636 1872 1704 1911 ubi

165 1958 345 2004 exstent,
376 1958 574 1993 monstrat
604 1954 643 1993 in
671 1952 796 1991 libro:
843 1952 1099 2003 Description
1135 1950 1206 1989 des
1252 1949 1408 2000 pierres
1438 1957 1551 1999 grav,
1586 1944 1637 1984 du
1680 1944 1705 1983 f.

165 2026 256 2066 Bar.
287 2027 337 2067 de
367 2025 539 2077 Stosch,
578 2038 614 2077 p.
646 2024 740 2066 326.
773 2036 833 2076 sq.
902 2025 965 2065 Ad
999 2023 1281 2064 Callimachum
1315 2019 1506 2072 Hesychii
1548 2028 1707 2070 quoque

164 2095 366 2148 glossam:
400 2096 770 2149 Κολουρέη(αιή)·
814 2090 964 2147 κολοβη
995 2094 1206 2145 νεωτάτη,
1244 2092 1450 2133 referebat
1479 2089 1710 2138 Salmasius,

167 2167 283 2207 valde
327 2167 601 2220 probabiliter.
674 2166 922 2206 Favorinus:
981 2166 1228 2218 Κολουρέη,
1281 2160 1431 2217 κολοβν)
1451 2197 1462 2217 ,
1508 2157 1708 2212 νεωτάτη.

167 2238 238 2278 ubi
265 2240 415 2292 κολοβὴ
447 2251 587 2279 verum
618 2250 712 2278 esse
746 2248 926 2277 censeo:
967 2240 1028 2276 est
1055 2237 1160 2276 enim
1189 2235 1339 2288 κολοβή
1370 2235 1498 2288 proba
1529 2232 1709 2273 seminini

168 2310 315 2361 forma,
348 2309 536 2363 κολοβός,
571 2307 609 2363 η’,
640 2306 698 2362 όν,
731 2313 841 2349 certe
874 2308 936 2348 his
968 2309 1257 2361 grammaticis,
1288 2313 1328 2347 ut
1360 2306 1509 2348 Suidae
1539 2317 1576 2343 v,
1612 2302 1709 2343 Κό-

166 2385 300 2434 λουρα
340 2386 381 2421 et
419 2394 457 2422 V.
490 2380 723 2435 Κολούρια.
781 2379 966 2432 νεωτάτη
1009 2385 1235 2432 corruptum
1276 2384 1385 2431 puto.
1456 2376 1706 2429 Appellative

168 2453 247 2492 dici
275 2451 529 2506 κολουραιάν
556 2455 728 2506 πέτραν,
761 2464 905 2492 cavum
934 2464 1082 2491 saxum
1114 2457 1180 2491 aut
1208 2452 1435 2500 incurvum,
1466 2450 1541 2488 iani
1565 2448 1705 2498 sensit,

166 2524 408 2576 Suidamque
438 2525 599 2576 protulit
633 2528 773 2564 contra
803 2525 999 2574 Tzetzen‚
1029 2525 1228 2565 Meursius
1270 2525 1311 2562 in
1341 2523 1498 2562 Theseo
1545 2531 1630 2571 cap.
1665 2518 1704 2558 3.

168 2601 272 2637 extr.
331 2597 418 2636 Non
448 2596 580 2636 habeo
611 2596 707 2648 quid
738 2596 881 2636 faciam
912 2595 1102 2648 Stephani
1133 2597 1226 2647 Byz.
1260 2596 1297 2634 in
1320 2607 1356 2634 v.
1378 2590 1580 2646 Αἴβουρα
1609 2603 1706 2631 ver-

167 2669 254 2710 bis:
298 2669 504 2722 Κόλουρα
537 2670 826 2719 Κολουραῖος,
872 2666 993 2714 πόλις
1032 2668 1129 2719 περί
1168 2666 1379 2719 Πριήνην,
1452 2667 1564 2713 Quae
1604 2662 1703 2703 Adr.

163 2741 341 2795 Heringa
373 2743 413 2781 in
442 2741 606 2781 Miscell.
640 2740 757 2780 Obss.
791 2741 886 2780 Crit.
915 2741 1016 2781 Νον.
1045 2741 1155 2780 Toni.
1190 2739 1255 2778 lX.
1285 2738 1368 2780 init.
1428 2737 1549 2778 Suida
1571 2736 1704 2787 Hesy-

165 2813 337 2868 chioque
368 2818 408 2855 ct
437 2814 665 2868 fragmento
690 2813 922 2853 Callimachi
953 2812 1142 2853 adhibitis
1171 2813 1224 2852 ita
1256 2809 1534 2864 suspicabatur
1562 2819 1704 2848 cinen-
