1856 3126
757 134 1062 172 —1⁷7-—

146 247 343 288 luculenta
379 248 637 297 narratione,
672 248 881 301 doctisque
921 250 1082 300 verbis,
1115 252 1315 291 existimo.
1384 252 1521 292 Mirum
1563 264 1679 292 com-

142 326 344 371 mentum,
378 320 521 372 dignus
561 319 727 359 artificio
768 321 1037 363 Callimacheo
1071 324 1183 364 locus
1221 330 1384 378 propter
1428 325 1679 367 insolentiam

143 393 410 432 immanitatis.
469 392 528 431 Cl'.
557 393 597 431 in
626 393 840 434 Lucianum
875 395 1073 448 disputata
1102 397 1289 450 Prolegg.
1314 410 1351 449 p.
1374 397 1411 437 9.
1474 399 1549 445 Qui
1572 399 1680 438 multi

142 464 350 505 Scironem
381 469 713 513 commemorant,
746 465 850 504 inter
880 476 980 517 quos
1012 470 1144 505 tamen
1173 478 1255 506 non
1288 471 1483 521 reperitur
1515 472 1552 510 in
1584 484 1682 523 par-

143 540 202 575 tes
232 540 400 575 vocatus
426 534 555 575 Natali
586 535 726 574 Comiti
757 536 1009 588 SosicrateS,
1047 537 1222 578 Meursio
1256 540 1295 578 iu
1326 540 1484 580 Theseo
1519 554 1606 594 cap.
1636 542 1677 582 6.

145 608 361 660 Salvagnio
392 608 431 647 in
453 607 760 648 Ovid.1b.409.
819 608 998 649 Bacheto
1025 609 1074 648 de
1097 609 1288 651 Meziriac
1320 612 1370 652 ad
1401 613 1538 664 Epistt.
1562 612 1679 653 Ovid.

145 681 187 720 T.
216 679 243 718 Ι.
275 691 312 731 p.
348 679 438 719 142.
498 679 763 720 Valckenario
796 681 835 719 in
875 681 1010 733 Eurip.
1044 681 1199 733 Hippot.
1232 683 1330 722 977.
1363 685 1480 727 1907.
1532 685 1681 725 laudati

145 751 219 801 (cf.
251 752 428 791 Cramer.
458 751 614 791 Anecd.
645 752 711 792 Gr.
744 752 789 790 II.
819 764 855 803 p.
886 751 980 802 261,
1011 752 1116 804 270,
1147 765 1228 792 non
1260 766 1402 794 omnes
1427 756 1480 794 illi
1511 758 1681 796 testudi-

145 824 208 863 nis
239 835 461 874 memores,
493 825 533 862 in
565 835 615 863 eo
647 824 929 872 consentiunt,
959 829 1002 864 ut
1031 826 1071 864 in
1101 826 1278 877 scopulis
1306 826 1509 867 habitasse
1541 828 1683 869 Sciro-

144 906 236 934 nem
268 894 452 934 tradant:
495 907 531 933 v.
561 895 732 934 maxime
761 895 904 935 Strabo
934 896 1000 935 IX.
1031 908 1068 948 p.
1099 896 1194 937 391.
1225 897 1344 946 (600.
1374 899 1447 948 Α.)
1487 904 1526 939 et
1557 901 1682 940 Hem-

145 967 369 1007 sterhusius
400 967 441 1006 in
472 967 634 1007 Lucian.
672 967 774 1007 Dial.
814 968 954 1010 marin.
986 968 1084 1008 VIII.
1112 969 1200 1009 Vol.
1229 969 1277 1010 II.
1307 970 1390 1023 Bip.
1421 983 1458 1023 p.
1492 970 1587 1015 369.
1619 984 1680 1025 sq.

147 1051 248 1092 quos
279 1039 468 1091 scopulos
497 1039 613 1078 etiam
645 1040 862 1091 posteriori
893 1044 1074 1092 tempore
1102 1047 1324 1093 opportuna
1355 1043 1576 1084 latronibus
1595 1045 1681 1085 tati„

147 1112 237 1151 bula
269 1111 392 1150 fuisse
424 1110 640 1150 ostendunt
671 1110 966 1163 Wesselingius
996 1111 1046 1151 ad
1073 1112 1192 1152 Diod.
1218 1113 1297 1154 Sic.
1327 1113 1389 1153 IV.
1411 1115 1477 1155 59.
1509 1115 1682 1156 Siebelis

147 1181 198 1221 ad
228 1181 397 1221 Pausan.
427 1181 453 1220 l.
484 1182 553 1231 44,
591 1182 651 1221 1‘2.
714 1182 801 1229 Quo
834 1183 966 1222 statim
1010 1187 1099 1222 utar
1139 1183 1191 1223 ad
1224 1185 1501 1236 explicandum
1543 1188 1681 1228 vindi-

146 1254 396 1306 candumque
426 1252 603 1292 Hecatae
634 1264 791 1291 versum
822 1251 1021 1304 quendam
1052 1252 1294 1294 Callimachi.
1338 1255 1436 1295 Nam
1466 1268 1518 1297 ex
1536 1257 1681 1299 Thesei

147 1326 225 1366 hac
254 1327 304 1366 de
334 1339 379 1366 re
409 1327 640 1366 narratione
670 1326 838 1377 primum
870 1329 965 1377 puto
997 1326 1077 1365 hoc
1105 1336 1222 1366 esse:

409 1399 605 1451 Ἀκταίην
634 1412 696 1444 τις
724 1394 863 1438 ἔναιεν
891 1422 947 1430 --

144 1471 299 1523 Fragm.
320 1469 584 1510 CCCXLVIII.
617 1470 709 1510 Scil.
729 1470 886 1510 Sciron.
974 1470 1016 1511 Si
1047 1475 1159 1511 recte
1187 1472 1241 1513 ibi
1261 1472 1469 1513 Ernestius
1485 1474 1681 1530 Ἀκταίην

145 1543 281 1583 edidit.
339 1542 381 1582 In
414 1542 581 1595 Etymol.
613 1542 692 1583 MS.
724 1543 847 1582 Paris.
894 1543 1065 1596 Ἀκταίη
1097 1548 1210 1595 erat,
1247 1550 1289 1585 ut
1328 1551 1389 1586 est
1428 1548 1467 1586 in
1509 1547 1678 1600 Etymol.

145 1616 246 1655 Gud.
276 1627 312 1659 v.
338 1609 509 1667 Ἀττική
540 1627 576 1667 p.
608 1614 676 1665 91,
705 1614 743 1654 6.
802 1614 851 1655 Et
877 1616 917 1655 in
946 1615 1026 1655 hoc
1068 1617 1227 1668 quidem
1265 1619 1345 1657 sie:
1394 1618 1589 1674 Ἀρκταιή
1619 1636 1682 1669 τις

142 1686 294 1728 ἔναιεν.
353 1688 459 1728 Sane
486 1685 675 1728 Ἀκταΐοι
711 1688 829 1727 etiam
859 1688 981 1729 Attici
1019 1689 1104 1728 sive
1134 1689 1405 1730 Athenienses
1439 1691 1534 1731 dicti
1573 1699 1681 1746 sunt,

142 1760 380 1800 testantibus
413 1765 491 1799 tum
523 1761 609 1812 ipso
642 1760 882 1813 Etymologo
912 1761 1095 1801 Gudiano
1126 1763 1262 1815 glossa
1292 1775 1339 1802 ea
1370 1776 1473 1816 quae
1505 1777 1681 1816 praeco-

143 1833 210 1883 dit,
243 1838 324 1873 tum
342 1832 512 1884 Etymol.
530 1832 676 1885 Magno
707 1833 747 1871 in
769 1846 805 1871 v.
824 1829 1025 1883 Ἀττικός,
1055 1838 1094 1873 et
1122 1834 1323 1886 Stephano
1348 1835 1441 1887 Byz.
1467 1837 1506 1875 in
1534 1833 1679 1890 Ἀκτήε

142 1911 259 1958 atque
287 1905 502 1944 observavi
531 1916 620 1944 eum
651 1916 763 1944 usum
794 1905 896 1957 apud
927 1910 1067 1957 poetas
1088 1906 1299 1946 Maximum
1326 1924 1367 1946 π.
1385 1923 1563 1959 καταρχ.
1583 1908 1680 1950 494⁷.

140 1979 324 2019 Nonnum
353 1978 510 2018 XXVII.
542 1979 634 2017 982.
666 1977 798 2017 XLIV.
835 1978 928 2021 5265.
991 1979 1039 2018 Ut
1081 1980 1133 2018 ita
1178 1981 1309 2032 accipi
1352 1980 1471 2020 liceat
1499 1979 1680 2035 Ἀκταίη

139 2065 201 2097 τις
231 2047 387 2091 gazam:
420 2049 577 2090 Actaea
604 2050 802 2101 quaedam
830 2050 1013 2100 (mulier)
1043 2050 1263 2091 habitabat.
1325 2053 1378 2092 At
1407 2058 1538 2093 tamen
1565 2066 1680 2094 com-

140 2124 334 2164 mendant
364 2124 599 2176 scripturam
631 2124 910 2164 Ernestianam
937 2125 1011 2176 ipsi
1053 2125 1119 2176 qui
1157 2124 1320 2165 laudant
1348 2116 1508 2178 poetam
1539 2139 1681 2180 gram-

141 2195 288 2246 matici,
319 2195 550 2235 Eustathius
581 2200 620 2235 et
650 2196 879 2249 Etymologi
919 2195 986 2236 illi.
1046 2194 1411 2238 veluti‘Gudianus
1452 2200 1526 2239 ita:
1571 2200 1679 2241 Ἀτ-

141 2265 249 2320 τικὴ,
283 2265 397 2322 παρὰ
433 2265 476 2308 τὸ
511 2266 671 2321 α’κτήν,
718 2267 792 2308 καί
829 2266 909 2322 γάρ
954 2268 1303 2322 παραθαλασσιά.
1375 2269 1673 2324 Καλλιζιιαχος·

140 2336 212 2380 Ἀ.
243 2355 277 2379 τ.
310 2337 341 2379 ἔ.
399 2341 462 2380 Ad
493 2341 662 2382 eundem
696 2342 827 2382 locum
867 2343 1123 2382 revocandus
1156 2343 1358 2395 Interpres
1388 2343 1542 2396 Virgilii
1571 2344 1675 2396 apud

141 2412 190 2452 A.
220 2412 378 2463 Maium,
406 2414 447 2452 in
480 2413 627 2465 Georg.
659 2412 721 2452 1V.
750 2412 845 2453 463.
892 2411 1050 2452 Atticae
1081 2425 1185 2463 quae
1212 2412 1313 2453 Acte
1348 2413 1565 2464 aliquando
1598 2426 1677 2454 vo„

142 2488 237 2523 cata
266 2487 340 2532 est,
367 2488 411 2522 ut
433 2483 702 2523 Callimachus
733 2488 771 2522 et
798 2483 870 2523 alii
900 2484 1164 2525 tradiderunt.
1223 2485 1372 2526 Similia
1405 2486 1486 2526 Iun.
1520 2486 1677 2527 Philar-

141 2557 280 2610 gyrius
310 2560 350 2596 et
380 2555 618 2609 Pomponius
645 2557 845 2609 Sabinus,
877 2557 949 2597 sed
976 2558 1127 2610 absque
1157 2559 1320 2598 nomine
1354 2564 1510 2610 poetae.
1572 2559 1675 2599 Cre-

141 2629 254 2669 hrum
286 2638 434 2667 nomen
464 2628 506 2667 in
542 2629 659 2680 poesi
690 2629 824 2668 latina.
884 2629 934 2669 Ut
964 2629 1193 2669 Petronius:
1251 2628 1394 2677 Qualis
1437 2630 1478 2668 in
1517 2630 1674 2673 Actaea

141 2701 340 2752 quondam
365 2699 445 2752 fuit
472 2698 633 2750 hospita
660 2703 772 2738 terra
800 2698 934 2751 Da’yna
962 2700 1096 2740 sacris
1125 2699 1288 2740 Hecale.
1358 2701 1514 2741 Deinde
1555 2716 1674 2756 quum

143 2774 193 2813 de
223 2775 392 2815 Scirone
422 2773 577 2826 accipio
610 2774 734 2813 verba
769 2772 1027 2822 Callimachi,
1057 2770 1266 2825 Ἀκταίην
1311 2775 1553 2827 interpretor
1589 2788 1672 2816 nou

143 2856 302 2886 omnem
329 2846 529 2896 Atticam,
572 2843 671 2897 sed,
707 2844 748 2885 id
787 2843 894 2897 quod
935 2855 1084 2885 nomen
1124 2847 1268 2895 sonat,
1309 2848 1475 2886 tractum
1513 2846 1671 2886 AttIcae

238 2930 364 2964 Naekii
388 2929 510 2975 Opusc.
536 2927 579 2962 11.
1354 2917 1404 2956 12
