<?xml version="1.0" encoding="UTF-8"?>
<!DOCTYPE html PUBLIC "-//W3C//DTD XHTML 1.0 Transitional//EN"
    "http://www.w3.org/TR/xhtml1/DTD/xhtml1-transitional.dtd">
<html xmlns="http://www.w3.org/1999/xhtml" xml:lang="en" lang="en">
 <head>
  <title>
</title>
<meta http-equiv="Content-Type" content="text/html;charset=utf-8" />
  <meta name='ocr-system' content='tesseract 3.04.00' />
  <meta name='ocr-capabilities' content='ocr_page ocr_carea ocr_par ocr_line ocrx_word'/>
</head>
<body>
  <div class='ocr_page' id='page_1' title='image "./opusculaphilolog02naekuoft_0281.png"; bbox 0 0 1856 3126; ppageno 0'>
   <div class='ocr_carea' id='block_1_1' title="bbox 759 115 1058 152">
    <p class='ocr_par' dir='ltr' id='par_1_1' title="bbox 759 115 1058 152">
     <span class='ocr_line' id='line_1_1' title="bbox 759 115 1058 152; baseline -0.003 0"><span class='ocrx_word' id='word_1_1' title='bbox 759 115 1058 152; x_wconf 69' lang='lat'><strong>-271—</strong></span> 
     </span>
    </p>
   </div>
   <div class='ocr_carea' id='block_1_2' title="bbox 141 223 1694 2844">
    <p class='ocr_par' dir='ltr' id='par_1_2' title="bbox 141 223 1694 2844">
     <span class='ocr_line' id='line_1_2' title="bbox 143 223 1674 283; baseline -0.004 -13"><span class='ocrx_word' id='word_1_2' title='bbox 143 230 289 283; x_wconf 81' lang='lat' dir='ltr'><strong>Magno</strong></span> <span class='ocrx_word' id='word_1_3' title='bbox 321 226 557 281; x_wconf 71' lang='grc' dir='ltr'><em>(Εὖκολίνη,</em></span> <span class='ocrx_word' id='word_1_4' title='bbox 585 227 608 281; x_wconf 80' lang='grc' dir='ltr'><em>ἢ</em></span> <span class='ocrx_word' id='word_1_5' title='bbox 634 226 785 283; x_wconf 74' lang='grc' dir='ltr'><em>Ἑκάτη</em></span> <span class='ocrx_word' id='word_1_6' title='bbox 814 232 978 281; x_wconf 76' lang='grc' dir='ltr'><em>λέγεται</em></span> <span class='ocrx_word' id='word_1_7' title='bbox 1007 226 1120 281; x_wconf 76' lang='grc' dir='ltr'><em>παρὰ</em></span> <span class='ocrx_word' id='word_1_8' title='bbox 1156 224 1437 281; x_wconf 75' lang='grc' dir='ltr'><strong><em>Καλλιμάχῳ,</em></strong></span> <span class='ocrx_word' id='word_1_9' title='bbox 1467 223 1571 266; x_wconf 70' lang='grc' dir='ltr'><em>κατὰ</em></span> <span class='ocrx_word' id='word_1_10' title='bbox 1596 223 1674 265; x_wconf 77' lang='grc' dir='ltr'><em>οἶν-</em></span> 
     </span>
     <span class='ocr_line' id='line_1_3' title="bbox 144 294 1671 354; baseline -0.003 -14"><span class='ocrx_word' id='word_1_11' title='bbox 144 303 358 354; x_wconf 75' lang='grc' dir='ltr'><em>τίφρασιν,</em></span> <span class='ocrx_word' id='word_1_12' title='bbox 392 298 414 352; x_wconf 84' lang='grc' dir='ltr'><em>ἧ</em></span> <span class='ocrx_word' id='word_1_13' title='bbox 444 297 502 352; x_wconf 76' lang='grc' dir='ltr'><strong>μὴ</strong></span> <span class='ocrx_word' id='word_1_14' title='bbox 535 295 643 340; x_wconf 74' lang='grc' dir='ltr'><em>οὖσα</em></span> <span class='ocrx_word' id='word_1_15' title='bbox 683 294 873 352; x_wconf 64' lang='grc' dir='ltr'>εὔκολος)</span> <span class='ocrx_word' id='word_1_16' title='bbox 906 301 1106 340; x_wconf 82' lang='lat' dir='ltr'><strong>Bentleius</strong></span> <span class='ocrx_word' id='word_1_17' title='bbox 1136 299 1280 347; x_wconf 75' lang='lat' dir='ltr'><strong>tacite,</strong></span> <span class='ocrx_word' id='word_1_18' title='bbox 1313 301 1352 336; x_wconf 83' lang='lat' dir='ltr'><strong>et</strong></span> <span class='ocrx_word' id='word_1_19' title='bbox 1389 297 1429 336; x_wconf 87' lang='lat' dir='ltr'><strong>in</strong></span> <span class='ocrx_word' id='word_1_20' title='bbox 1461 295 1671 348; x_wconf 77' lang='lat' dir='ltr'><strong>Elymolo-</strong></span> 
     </span>
     <span class='ocr_line' id='line_1_4' title="bbox 144 366 1670 423; baseline -0.001 -13"><span class='ocrx_word' id='word_1_21' title='bbox 144 371 238 423; x_wconf 86' lang='lat' dir='ltr'><strong>gico</strong></span> <span class='ocrx_word' id='word_1_22' title='bbox 268 371 340 410; x_wconf 87' lang='lat' dir='ltr'><strong>Ms.</strong></span> <span class='ocrx_word' id='word_1_23' title='bbox 371 370 467 410; x_wconf 89' lang='lat' dir='ltr'><strong>Bibl.</strong></span> <span class='ocrx_word' id='word_1_24' title='bbox 499 371 702 411; x_wconf 85' lang='lat' dir='ltr'><strong>Ultraiect.</strong></span> <span class='ocrx_word' id='word_1_25' title='bbox 734 384 824 412; x_wconf 92' lang='lat' dir='ltr'><strong>voc.</strong></span> <span class='ocrx_word' id='word_1_26' title='bbox 855 373 996 412; x_wconf 85' lang='lat' dir='ltr'><strong>eadem</strong></span> <span class='ocrx_word' id='word_1_27' title='bbox 1024 371 1282 411; x_wconf 82' lang='lat' dir='ltr'><strong>Ruhnkenius</strong></span> <span class='ocrx_word' id='word_1_28' title='bbox 1313 368 1487 418; x_wconf 82' lang='lat' dir='ltr'><strong>faciunt,</strong></span> <span class='ocrx_word' id='word_1_29' title='bbox 1522 366 1670 420; x_wconf 76' lang='grc' dir='ltr'><strong><em>Ἑκάλη</em></strong></span> 
     </span>
     <span class='ocr_line' id='line_1_5' title="bbox 145 439 1671 493; baseline -0.002 -12"><span class='ocrx_word' id='word_1_30' title='bbox 145 453 217 493; x_wconf 89' lang='lat' dir='ltr'><strong>pro</strong></span> <span class='ocrx_word' id='word_1_31' title='bbox 241 439 401 492; x_wconf 71' lang='grc' dir='ltr'><em>Ἑκάτη.</em></span> <span class='ocrx_word' id='word_1_32' title='bbox 461 441 604 480; x_wconf 90' lang='lat' dir='ltr'><strong>Facilis</strong></span> <span class='ocrx_word' id='word_1_33' title='bbox 631 453 728 480; x_wconf 87' lang='lat' dir='ltr'><strong>sane</strong></span> <span class='ocrx_word' id='word_1_34' title='bbox 759 441 1000 491; x_wconf 75' lang='lat' dir='ltr'><strong>emendatio,</strong></span> <span class='ocrx_word' id='word_1_35' title='bbox 1032 442 1064 480; x_wconf 88' lang='lat' dir='ltr'><strong>si</strong></span> <span class='ocrx_word' id='word_1_36' title='bbox 1088 442 1239 491; x_wconf 85' lang='lat' dir='ltr'><strong>reliqua</strong></span> <span class='ocrx_word' id='word_1_37' title='bbox 1264 441 1539 479; x_wconf 81' lang='lat' dir='ltr'><strong>concinerent.</strong></span> <span class='ocrx_word' id='word_1_38' title='bbox 1582 439 1671 478; x_wconf 88' lang='lat' dir='ltr'><strong>Non</strong></span> 
     </span>
     <span class='ocr_line' id='line_1_6' title="bbox 145 508 1670 563; baseline -0.005 -10"><span class='ocrx_word' id='word_1_39' title='bbox 145 525 327 553; x_wconf 77' lang='lat' dir='ltr'>morarer</span> <span class='ocrx_word' id='word_1_40' title='bbox 357 514 462 552; x_wconf 81' lang='lat' dir='ltr'><strong>enim</strong></span> <span class='ocrx_word' id='word_1_41' title='bbox 494 511 587 551; x_wconf 89' lang='lat' dir='ltr'><strong>illud</strong></span> <span class='ocrx_word' id='word_1_42' title='bbox 621 511 870 563; x_wconf 85' lang='lat' dir='ltr'><strong>quantumvis</strong></span> <span class='ocrx_word' id='word_1_43' title='bbox 900 515 1009 550; x_wconf 85' lang='lat' dir='ltr'><strong>recte</strong></span> <span class='ocrx_word' id='word_1_44' title='bbox 1043 523 1064 549; x_wconf 92' lang='lat' dir='ltr'><strong>a</strong></span> <span class='ocrx_word' id='word_1_45' title='bbox 1108 523 1169 549; x_wconf 89' lang='lat' dir='ltr'><strong>me</strong></span> <span class='ocrx_word' id='word_1_46' title='bbox 1203 510 1456 548; x_wconf 86' lang='lat' dir='ltr'><strong>observatum</strong></span> <span class='ocrx_word' id='word_1_47' title='bbox 1486 508 1670 560; x_wconf 86' lang='lat' dir='ltr'><strong>Prolegg.</strong></span> 
     </span>
     <span class='ocr_line' id='line_1_7' title="bbox 147 579 1673 637; baseline -0.003 -14"><span class='ocrx_word' id='word_1_48' title='bbox 147 598 184 637; x_wconf 87' lang='lat' dir='ltr'><strong>p.</strong></span> <span class='ocrx_word' id='word_1_49' title='bbox 217 583 281 623; x_wconf 76' lang='lat'><strong>94.</strong></span> <span class='ocrx_word' id='word_1_50' title='bbox 325 584 550 623; x_wconf 77' lang='lat' dir='ltr'><strong>inusitatam</strong></span> <span class='ocrx_word' id='word_1_51' title='bbox 594 584 756 635; x_wconf 86' lang='lat' dir='ltr'><strong>graecis</strong></span> <span class='ocrx_word' id='word_1_52' title='bbox 807 582 964 633; x_wconf 86' lang='lat' dir='ltr'><strong>quidem</strong></span> <span class='ocrx_word' id='word_1_53' title='bbox 1012 582 1185 620; x_wconf 88' lang='lat' dir='ltr'><strong>librariis</strong></span> <span class='ocrx_word' id='word_1_54' title='bbox 1232 579 1335 619; x_wconf 80' lang='lat' dir='ltr'><strong>hanc</strong></span> <span class='ocrx_word' id='word_1_55' title='bbox 1383 580 1673 629; x_wconf 82' lang='lat' dir='ltr'><strong>confusionem,</strong></span> 
     </span>
     <span class='ocr_line' id='line_1_8' title="bbox 141 651 1672 709; baseline -0.005 -13"><span class='ocrx_word' id='word_1_56' title='bbox 141 654 292 709; x_wconf 77' lang='grc' dir='ltr'><strong><em>Ἑκάλη</em></strong></span> <span class='ocrx_word' id='word_1_57' title='bbox 325 660 363 694; x_wconf 82' lang='lat' dir='ltr'><strong>et</strong></span> <span class='ocrx_word' id='word_1_58' title='bbox 390 651 562 707; x_wconf 79' lang='grc' dir='ltr'><strong><em>Ἑκάτη,</em></strong></span> <span class='ocrx_word' id='word_1_59' title='bbox 591 666 695 693; x_wconf 88' lang='lat' dir='ltr'><strong>esse.</strong></span> <span class='ocrx_word' id='word_1_60' title='bbox 757 655 900 693; x_wconf 90' lang='lat' dir='ltr'><strong>Verum</strong></span> <span class='ocrx_word' id='word_1_61' title='bbox 944 655 1168 693; x_wconf 88' lang='lat' dir='ltr'><strong>rectissime</strong></span> <span class='ocrx_word' id='word_1_62' title='bbox 1214 651 1537 691; x_wconf 78' lang='lat' dir='ltr'><strong>llemsterlmsius</strong></span> <span class='ocrx_word' id='word_1_63' title='bbox 1583 655 1672 703; x_wconf 83' lang='lat' dir='ltr'><strong>apte</strong></span> 
     </span>
     <span class='ocr_line' id='line_1_9' title="bbox 150 724 1671 778; baseline -0.001 -13"><span class='ocrx_word' id='word_1_64' title='bbox 150 726 378 778; x_wconf 55' lang='grc' dir='ltr'><em>Εὕκολιίνην</em></span> <span class='ocrx_word' id='word_1_65' title='bbox 405 726 484 764; x_wconf 89' lang='lat' dir='ltr'><strong>dici</strong></span> <span class='ocrx_word' id='word_1_66' title='bbox 515 726 690 764; x_wconf 78' lang='lat' dir='ltr'><strong>Hecaten</strong></span> <span class='ocrx_word' id='word_1_67' title='bbox 721 730 853 774; x_wconf 77' lang='lat' dir='ltr'><strong>negat.</strong></span> <span class='ocrx_word' id='word_1_68' title='bbox 912 725 1005 765; x_wconf 83' lang='lat' dir='ltr'><strong>Sive</strong></span> <span class='ocrx_word' id='word_1_69' title='bbox 1037 724 1142 762; x_wconf 90' lang='lat' dir='ltr'><strong>enim</strong></span> <span class='ocrx_word' id='word_1_70' title='bbox 1174 725 1225 762; x_wconf 90' lang='lat' dir='ltr'><strong>ita</strong></span> <span class='ocrx_word' id='word_1_71' title='bbox 1259 724 1362 763; x_wconf 88' lang='lat' dir='ltr'><strong>dicta</strong></span> <span class='ocrx_word' id='word_1_72' title='bbox 1397 724 1513 763; x_wconf 81' lang='lat' dir='ltr'><strong>suerit</strong></span> <span class='ocrx_word' id='word_1_73' title='bbox 1543 724 1592 763; x_wconf 90' lang='lat' dir='ltr'><strong>ab</strong></span> <span class='ocrx_word' id='word_1_74' title='bbox 1623 735 1671 763; x_wconf 87' lang='lat' dir='ltr'><strong>ca</strong></span> 
     </span>
     <span class='ocr_line' id='line_1_10' title="bbox 147 790 1672 850; baseline -0.003 -13"><span class='ocrx_word' id='word_1_75' title='bbox 147 797 443 850; x_wconf 84' lang='lat' dir='ltr'><strong>significatione</strong></span> <span class='ocrx_word' id='word_1_76' title='bbox 474 797 586 835; x_wconf 90' lang='lat' dir='ltr'><strong>vocis</strong></span> <span class='ocrx_word' id='word_1_77' title='bbox 618 790 813 845; x_wconf 62' lang='grc' dir='ltr'><em>εὔκολος,</em></span> <span class='ocrx_word' id='word_1_78' title='bbox 856 807 957 847; x_wconf 89' lang='lat' dir='ltr'><strong>quae</strong></span> <span class='ocrx_word' id='word_1_79' title='bbox 990 800 1051 835; x_wconf 87' lang='lat' dir='ltr'><strong>cst</strong></span> <span class='ocrx_word' id='word_1_80' title='bbox 1077 794 1239 846; x_wconf 75' lang='lat' dir='ltr'><strong>facilis,</strong></span> <span class='ocrx_word' id='word_1_81' title='bbox 1272 795 1421 844; x_wconf 78' lang='lat' dir='ltr'><strong>comis,</strong></span> <span class='ocrx_word' id='word_1_82' title='bbox 1452 794 1672 845; x_wconf 77' lang='lat' dir='ltr'><strong>officiosus,</strong></span> 
     </span>
     <span class='ocr_line' id='line_1_11' title="bbox 148 865 1678 920; baseline -0.001 -13"><span class='ocrx_word' id='word_1_83' title='bbox 148 869 268 920; x_wconf 88' lang='lat' dir='ltr'><strong>illud,</strong></span> <span class='ocrx_word' id='word_1_84' title='bbox 306 869 411 920; x_wconf 85' lang='lat' dir='ltr'><strong>quod</strong></span> <span class='ocrx_word' id='word_1_85' title='bbox 442 869 496 908; x_wconf 90' lang='lat' dir='ltr'><strong>ait</strong></span> <span class='ocrx_word' id='word_1_86' title='bbox 537 867 826 920; x_wconf 84' lang='lat' dir='ltr'><strong>Etymologus,</strong></span> <span class='ocrx_word' id='word_1_87' title='bbox 867 865 1099 919; x_wconf 61' lang='lat' dir='ltr'><strong>Ev’uom&#39;mv</strong></span> <span class='ocrx_word' id='word_1_88' title='bbox 1133 867 1277 906; x_wconf 87' lang='lat' dir='ltr'><strong>dictam</strong></span> <span class='ocrx_word' id='word_1_89' title='bbox 1310 878 1402 905; x_wconf 90' lang='lat' dir='ltr'><strong>esse</strong></span> <span class='ocrx_word' id='word_1_90' title='bbox 1438 868 1531 906; x_wconf 84' lang='grc' dir='ltr'><em>κατ’</em></span> <span class='ocrx_word' id='word_1_91' title='bbox 1559 865 1678 905; x_wconf 68' lang='grc' dir='ltr'><em>αἰιτί-</em></span> 
     </span>
     <span class='ocr_line' id='line_1_12' title="bbox 148 924 1678 994; baseline -0.003 -14"><span class='ocrx_word' id='word_1_92' title='bbox 148 956 322 994; x_wconf 78' lang='grc' dir='ltr'><em>φρασιν,</em></span> <span class='ocrx_word' id='word_1_93' title='bbox 351 941 491 980; x_wconf 85' lang='lat' dir='ltr'><strong>falsum</strong></span> <span class='ocrx_word' id='word_1_94' title='bbox 524 941 612 989; x_wconf 90' lang='lat' dir='ltr'><strong>erit,</strong></span> <span class='ocrx_word' id='word_1_95' title='bbox 643 953 758 992; x_wconf 82' lang='lat' dir='ltr'><strong>quum</strong></span> <span class='ocrx_word' id='word_1_96' title='bbox 780 939 955 978; x_wconf 87' lang='lat' dir='ltr'><strong>Hecalen</strong></span> <span class='ocrx_word' id='word_1_97' title='bbox 987 950 1101 990; x_wconf 89' lang='lat' dir='ltr'><strong>quam</strong></span> <span class='ocrx_word' id='word_1_98' title='bbox 1130 938 1300 977; x_wconf 81' lang='lat' dir='ltr'><strong>maxime</strong></span> <span class='ocrx_word' id='word_1_99' title='bbox 1331 938 1485 977; x_wconf 79' lang='lat' dir='ltr'><strong>facilem</strong></span> <span class='ocrx_word' id='word_1_100' title='bbox 1517 924 1678 976; x_wconf 70' lang='lat' dir='ltr'><strong>olli-eio-</strong></span> 
     </span>
     <span class='ocr_line' id='line_1_13' title="bbox 149 1009 1677 1064; baseline -0.004 -11"><span class='ocrx_word' id='word_1_101' title='bbox 149 1025 313 1064; x_wconf 84' lang='lat' dir='ltr'><strong>samque</strong></span> <span class='ocrx_word' id='word_1_102' title='bbox 346 1012 467 1052; x_wconf 79' lang='lat' dir='ltr'><strong>l&#39;uisse</strong></span> <span class='ocrx_word' id='word_1_103' title='bbox 496 1015 678 1060; x_wconf 82' lang='lat' dir='ltr'><strong>constet3</strong></span> <span class='ocrx_word' id='word_1_104' title='bbox 719 1012 831 1060; x_wconf 76' lang='lat' dir='ltr'><strong>sive,</strong></span> <span class='ocrx_word' id='word_1_105' title='bbox 874 1010 980 1061; x_wconf 89' lang='lat' dir='ltr'><strong>quod</strong></span> <span class='ocrx_word' id='word_1_106' title='bbox 1017 1010 1097 1049; x_wconf 90' lang='lat' dir='ltr'><strong>vult</strong></span> <span class='ocrx_word' id='word_1_107' title='bbox 1127 1010 1413 1059; x_wconf 77' lang='lat' dir='ltr'><strong>Rulinkenius,</strong></span> <span class='ocrx_word' id='word_1_108' title='bbox 1461 1009 1509 1048; x_wconf 90' lang='lat' dir='ltr'><strong>ab</strong></span> <span class='ocrx_word' id='word_1_109' title='bbox 1552 1009 1677 1047; x_wconf 87' lang='lat' dir='ltr'><strong>altera</strong></span> 
     </span>
     <span class='ocr_line' id='line_1_14' title="bbox 149 1082 1676 1137; baseline -0.003 -13"><span class='ocrx_word' id='word_1_110' title='bbox 149 1085 465 1137; x_wconf 86' lang='lat' dir='ltr'><strong>significatione,</strong></span> <span class='ocrx_word' id='word_1_111' title='bbox 497 1082 668 1131; x_wconf 74' lang='lat' dir='ltr'><strong>habilis,</strong></span> <span class='ocrx_word' id='word_1_112' title='bbox 699 1082 815 1133; x_wconf 65' lang='lat' dir='ltr'><strong>aquis</strong></span> <span class='ocrx_word' id='word_1_113' title='bbox 851 1082 1051 1132; x_wconf 73' lang='lat' dir='ltr'><strong>pedibus,</strong></span> <span class='ocrx_word' id='word_1_114' title='bbox 1085 1094 1220 1122; x_wconf 88' lang='lat' dir='ltr'><strong>verum</strong></span> <span class='ocrx_word' id='word_1_115' title='bbox 1261 1082 1419 1134; x_wconf 88' lang='lat' dir='ltr'><strong>quidem</strong></span> <span class='ocrx_word' id='word_1_116' title='bbox 1464 1085 1553 1130; x_wconf 88' lang='lat' dir='ltr'><strong>est,</strong></span> <span class='ocrx_word' id='word_1_117' title='bbox 1595 1092 1676 1119; x_wconf 90' lang='lat' dir='ltr'><strong>non</strong></span> 
     </span>
     <span class='ocr_line' id='line_1_15' title="bbox 150 1149 1676 1208; baseline -0.003 -13"><span class='ocrx_word' id='word_1_118' title='bbox 150 1168 333 1208; x_wconf 89' lang='lat' dir='ltr'><strong>magnam</strong></span> <span class='ocrx_word' id='word_1_119' title='bbox 364 1155 485 1194; x_wconf 83' lang='lat' dir='ltr'><strong>fuisse</strong></span> <span class='ocrx_word' id='word_1_120' title='bbox 507 1149 888 1206; x_wconf 75' lang='lat' dir='ltr'><strong>pedumagilitatem</strong></span> <span class='ocrx_word' id='word_1_121' title='bbox 918 1155 956 1192; x_wconf 92' lang='lat' dir='ltr'><strong>in</strong></span> <span class='ocrx_word' id='word_1_122' title='bbox 986 1154 1150 1204; x_wconf 85' lang='lat' dir='ltr'><strong>Hecale,</strong></span> <span class='ocrx_word' id='word_1_123' title='bbox 1182 1166 1298 1205; x_wconf 85' lang='lat' dir='ltr'><strong>quam</strong></span> <span class='ocrx_word' id='word_1_124' title='bbox 1328 1154 1472 1193; x_wconf 88' lang='lat' dir='ltr'><strong>baculo</strong></span> <span class='ocrx_word' id='word_1_125' title='bbox 1503 1156 1676 1191; x_wconf 89' lang='lat' dir='ltr'><strong>utentem</strong></span> 
     </span>
     <span class='ocr_line' id='line_1_16' title="bbox 150 1224 1677 1279; baseline -0.003 -13"><span class='ocrx_word' id='word_1_126' title='bbox 150 1229 188 1267; x_wconf 91' lang='lat' dir='ltr'><strong>in</strong></span> <span class='ocrx_word' id='word_1_127' title='bbox 220 1228 350 1266; x_wconf 84' lang='lat' dir='ltr'><strong>eundo</strong></span> <span class='ocrx_word' id='word_1_128' title='bbox 394 1227 580 1266; x_wconf 88' lang='lat' dir='ltr'><strong>vidimus:</strong></span> <span class='ocrx_word' id='word_1_129' title='bbox 629 1227 702 1265; x_wconf 88' lang='lat' dir='ltr'><strong>sed</strong></span> <span class='ocrx_word' id='word_1_130' title='bbox 748 1231 827 1265; x_wconf 86' lang='lat' dir='ltr'><strong>tum</strong></span> <span class='ocrx_word' id='word_1_131' title='bbox 877 1227 1082 1279; x_wconf 66' lang='grc' dir='ltr'><em>Εόκολιίἠ</em></span> <span class='ocrx_word' id='word_1_132' title='bbox 1127 1226 1336 1277; x_wconf 79' lang='lat' dir='ltr'><strong>appellatio</strong></span> <span class='ocrx_word' id='word_1_133' title='bbox 1388 1228 1424 1265; x_wconf 92' lang='lat' dir='ltr'><strong>in</strong></span> <span class='ocrx_word' id='word_1_134' title='bbox 1468 1224 1677 1264; x_wconf 80' lang='lat' dir='ltr'><strong>ludibrium</strong></span> 
     </span>
     <span class='ocr_line' id='line_1_17' title="bbox 148 1295 1676 1350; baseline -0.003 -11"><span class='ocrx_word' id='word_1_135' title='bbox 148 1300 253 1339; x_wconf 87' lang='lat' dir='ltr'><strong>sacta</strong></span> <span class='ocrx_word' id='word_1_136' title='bbox 290 1304 408 1350; x_wconf 82' lang='lat' dir='ltr'><strong>alque</strong></span> <span class='ocrx_word' id='word_1_137' title='bbox 450 1299 676 1348; x_wconf 89' lang='lat' dir='ltr'><strong>invidiosa,</strong></span> <span class='ocrx_word' id='word_1_138' title='bbox 708 1310 819 1348; x_wconf 91' lang='lat' dir='ltr'><strong>non,</strong></span> <span class='ocrx_word' id='word_1_139' title='bbox 854 1298 1009 1350; x_wconf 86' lang='lat' dir='ltr'><strong>qualem</strong></span> <span class='ocrx_word' id='word_1_140' title='bbox 1044 1303 1285 1349; x_wconf 75' lang='lat' dir='ltr'><strong>exspectes,</strong></span> <span class='ocrx_word' id='word_1_141' title='bbox 1328 1297 1550 1336; x_wconf 83' lang='lat' dir='ltr'><strong>honorifica</strong></span> <span class='ocrx_word' id='word_1_142' title='bbox 1588 1295 1676 1334; x_wconf 90' lang='lat' dir='ltr'><strong>crit.</strong></span> 
     </span>
     <span class='ocr_line' id='line_1_18' title="bbox 149 1368 1678 1424; baseline -0.004 -14"><span class='ocrx_word' id='word_1_143' title='bbox 149 1372 285 1423; x_wconf 85' lang='lat' dir='ltr'><strong>ltaque</strong></span> <span class='ocrx_word' id='word_1_144' title='bbox 316 1383 392 1424; x_wconf 82' lang='lat' dir='ltr'><strong>ego</strong></span> <span class='ocrx_word' id='word_1_145' title='bbox 425 1382 590 1423; x_wconf 80' lang='lat' dir='ltr'><strong>prorsus</strong></span> <span class='ocrx_word' id='word_1_146' title='bbox 624 1370 882 1410; x_wconf 88' lang='lat' dir='ltr'><strong>omittendum</strong></span> <span class='ocrx_word' id='word_1_147' title='bbox 913 1369 1015 1408; x_wconf 88' lang='lat' dir='ltr'><strong>istud</strong></span> <span class='ocrx_word' id='word_1_148' title='bbox 1044 1374 1130 1408; x_wconf 80' lang='grc' dir='ltr'><strong><em>κατ’</em></strong></span> <span class='ocrx_word' id='word_1_149' title='bbox 1157 1368 1441 1423; x_wconf 68' lang='grc' dir='ltr'><em>ἅντίφρασιν,</em></span> <span class='ocrx_word' id='word_1_150' title='bbox 1471 1379 1546 1418; x_wconf 87' lang='lat' dir='ltr'><strong>qua</strong></span> <span class='ocrx_word' id='word_1_151' title='bbox 1579 1378 1678 1405; x_wconf 91' lang='lat' dir='ltr'><strong>sane</strong></span> 
     </span>
     <span class='ocr_line' id='line_1_19' title="bbox 149 1437 1680 1495; baseline -0.003 -14"><span class='ocrx_word' id='word_1_152' title='bbox 149 1443 274 1495; x_wconf 87' lang='lat' dir='ltr'><strong>figura</strong></span> <span class='ocrx_word' id='word_1_153' title='bbox 305 1453 427 1493; x_wconf 82' lang='lat' dir='ltr'><strong>saepe</strong></span> <span class='ocrx_word' id='word_1_154' title='bbox 472 1441 686 1480; x_wconf 89' lang='lat' dir='ltr'><strong>abutuntur</strong></span> <span class='ocrx_word' id='word_1_155' title='bbox 717 1440 993 1493; x_wconf 78' lang='lat' dir='ltr'><strong>grammatici,</strong></span> <span class='ocrx_word' id='word_1_156' title='bbox 1024 1443 1062 1478; x_wconf 89' lang='lat' dir='ltr'><strong>et</strong></span> <span class='ocrx_word' id='word_1_157' title='bbox 1096 1437 1326 1491; x_wconf 77' lang='grc' dir='ltr'><em>Ειῖκολίνην</em></span> <span class='ocrx_word' id='word_1_158' title='bbox 1363 1439 1523 1490; x_wconf 88' lang='lat' dir='ltr'><strong>proprie</strong></span> <span class='ocrx_word' id='word_1_159' title='bbox 1558 1449 1680 1476; x_wconf 92' lang='lat' dir='ltr'><strong>vere-</strong></span> 
     </span>
     <span class='ocr_line' id='line_1_20' title="bbox 150 1506 1679 1565; baseline -0.005 -12"><span class='ocrx_word' id='word_1_160' title='bbox 150 1525 227 1565; x_wconf 87' lang='lat' dir='ltr'><strong>que</strong></span> <span class='ocrx_word' id='word_1_161' title='bbox 269 1513 415 1553; x_wconf 90' lang='lat' dir='ltr'><strong>dictam</strong></span> <span class='ocrx_word' id='word_1_162' title='bbox 463 1511 638 1551; x_wconf 89' lang='lat' dir='ltr'><strong>Hecalen</strong></span> <span class='ocrx_word' id='word_1_163' title='bbox 677 1523 699 1550; x_wconf 86' lang='lat' dir='ltr'><strong>a</strong></span> <span class='ocrx_word' id='word_1_164' title='bbox 744 1511 930 1550; x_wconf 90' lang='lat' dir='ltr'><strong>comitate</strong></span> <span class='ocrx_word' id='word_1_165' title='bbox 977 1514 1095 1560; x_wconf 88' lang='lat' dir='ltr'><strong>atque</strong></span> <span class='ocrx_word' id='word_1_166' title='bbox 1139 1509 1419 1560; x_wconf 84' lang='lat' dir='ltr'><strong>obsequendi,</strong></span> <span class='ocrx_word' id='word_1_167' title='bbox 1461 1506 1679 1561; x_wconf 87' lang='lat' dir='ltr'><strong>opitulandi</strong></span> 
     </span>
     <span class='ocr_line' id='line_1_21' title="bbox 151 1580 1679 1632; baseline -0.005 -7"><span class='ocrx_word' id='word_1_168' title='bbox 151 1584 283 1626; x_wconf 88' lang='lat' dir='ltr'><strong>studio</strong></span> <span class='ocrx_word' id='word_1_169' title='bbox 315 1584 515 1632; x_wconf 84' lang='lat' dir='ltr'><strong>dicerem,</strong></span> <span class='ocrx_word' id='word_1_170' title='bbox 556 1583 634 1622; x_wconf 88' lang='lat' dir='ltr'><strong>nisi</strong></span> <span class='ocrx_word' id='word_1_171' title='bbox 668 1582 743 1621; x_wconf 89' lang='lat' dir='ltr'><strong>alia</strong></span> <span class='ocrx_word' id='word_1_172' title='bbox 788 1582 1009 1620; x_wconf 86' lang='lat' dir='ltr'><strong>obstarent.</strong></span> <span class='ocrx_word' id='word_1_173' title='bbox 1075 1580 1172 1620; x_wconf 91' lang='lat' dir='ltr'><strong>Nam</strong></span> <span class='ocrx_word' id='word_1_174' title='bbox 1210 1581 1392 1631; x_wconf 85' lang='lat' dir='ltr'><strong>profecto</strong></span> <span class='ocrx_word' id='word_1_175' title='bbox 1432 1592 1482 1619; x_wconf 89' lang='lat' dir='ltr'><strong>ne</strong></span> <span class='ocrx_word' id='word_1_176' title='bbox 1519 1591 1592 1631; x_wconf 87' lang='lat' dir='ltr'><strong>per</strong></span> <span class='ocrx_word' id='word_1_177' title='bbox 1634 1589 1679 1618; x_wconf 84' lang='lat' dir='ltr'><strong>se</strong></span> 
     </span>
     <span class='ocr_line' id='line_1_22' title="bbox 153 1651 1680 1708; baseline -0.004 -12"><span class='ocrx_word' id='word_1_178' title='bbox 153 1656 312 1708; x_wconf 89' lang='lat' dir='ltr'><strong>quidem</strong></span> <span class='ocrx_word' id='word_1_179' title='bbox 344 1654 564 1708; x_wconf 88' lang='lat' dir='ltr'><strong>probabilis</strong></span> <span class='ocrx_word' id='word_1_180' title='bbox 585 1665 653 1694; x_wconf 88' lang='lat' dir='ltr'><strong>res</strong></span> <span class='ocrx_word' id='word_1_181' title='bbox 684 1658 758 1704; x_wconf 84' lang='lat' dir='ltr'><strong>est,</strong></span> <span class='ocrx_word' id='word_1_182' title='bbox 791 1652 966 1692; x_wconf 89' lang='lat' dir='ltr'><strong>Hecalae</strong></span> <span class='ocrx_word' id='word_1_183' title='bbox 996 1656 1156 1704; x_wconf 89' lang='lat' dir='ltr'><strong>praeter</strong></span> <span class='ocrx_word' id='word_1_184' title='bbox 1186 1651 1294 1702; x_wconf 91' lang='lat' dir='ltr'><strong>illud,</strong></span> <span class='ocrx_word' id='word_1_185' title='bbox 1326 1652 1376 1691; x_wconf 87' lang='lat' dir='ltr'><strong>de</strong></span> <span class='ocrx_word' id='word_1_186' title='bbox 1406 1662 1483 1703; x_wconf 89' lang='lat' dir='ltr'><strong>quo</strong></span> <span class='ocrx_word' id='word_1_187' title='bbox 1510 1655 1680 1703; x_wconf 87' lang='lat' dir='ltr'><strong>constat,</strong></span> 
     </span>
     <span class='ocr_line' id='line_1_23' title="bbox 160 1722 1681 1780; baseline -0.004 -13"><span class='ocrx_word' id='word_1_188' title='bbox 160 1728 370 1780; x_wconf 77' lang='grc' dir='ltr'><strong>Εκαλίνη,</strong></span> <span class='ocrx_word' id='word_1_189' title='bbox 405 1727 536 1767; x_wconf 87' lang='lat' dir='ltr'><strong>datum</strong></span> <span class='ocrx_word' id='word_1_190' title='bbox 580 1726 698 1765; x_wconf 87' lang='lat' dir='ltr'><strong>etiam</strong></span> <span class='ocrx_word' id='word_1_191' title='bbox 741 1724 898 1764; x_wconf 88' lang='lat' dir='ltr'><strong>tertium</strong></span> <span class='ocrx_word' id='word_1_192' title='bbox 945 1723 1021 1763; x_wconf 90' lang='lat' dir='ltr'><strong>hac</strong></span> <span class='ocrx_word' id='word_1_193' title='bbox 1068 1724 1221 1773; x_wconf 83' lang='lat' dir='ltr'><strong>forma,</strong></span> <span class='ocrx_word' id='word_1_194' title='bbox 1269 1723 1504 1775; x_wconf 77' lang='grc' dir='ltr'><strong><em>Εὕκολίνη,</em></strong></span> <span class='ocrx_word' id='word_1_195' title='bbox 1544 1722 1681 1762; x_wconf 83' lang='lat' dir='ltr'><strong>fuisse.</strong></span> 
     </span>
     <span class='ocr_line' id='line_1_24' title="bbox 155 1794 1682 1848; baseline -0.003 -10"><span class='ocrx_word' id='word_1_196' title='bbox 155 1799 396 1848; x_wconf 87' lang='lat' dir='ltr'><strong>Praeterea,</strong></span> <span class='ocrx_word' id='word_1_197' title='bbox 430 1797 535 1848; x_wconf 90' lang='lat' dir='ltr'><strong>quod</strong></span> <span class='ocrx_word' id='word_1_198' title='bbox 568 1810 591 1837; x_wconf 91' lang='lat' dir='ltr'><strong>a</strong></span> <span class='ocrx_word' id='word_1_199' title='bbox 618 1797 780 1836; x_wconf 87' lang='lat' dir='ltr'><strong>nemine</strong></span> <span class='ocrx_word' id='word_1_200' title='bbox 811 1796 1090 1845; x_wconf 87' lang='lat' dir='ltr'><strong>observatum,</strong></span> <span class='ocrx_word' id='word_1_201' title='bbox 1124 1807 1210 1834; x_wconf 91' lang='lat' dir='ltr'><strong>cum</strong></span> <span class='ocrx_word' id='word_1_202' title='bbox 1242 1794 1463 1834; x_wconf 86' lang='lat' dir='ltr'><strong>rationibus</strong></span> <span class='ocrx_word' id='word_1_203' title='bbox 1505 1794 1682 1834; x_wconf 84' lang='lat' dir='ltr'><strong>metricis</strong></span> 
     </span>
     <span class='ocr_line' id='line_1_25' title="bbox 153 1864 1683 1921; baseline -0.002 -14"><span class='ocrx_word' id='word_1_204' title='bbox 153 1872 304 1921; x_wconf 85' lang='lat' dir='ltr'><strong>pugnat</strong></span> <span class='ocrx_word' id='word_1_205' title='bbox 332 1868 565 1907; x_wconf 85' lang='lat' dir='ltr'><strong>coniectura</strong></span> <span class='ocrx_word' id='word_1_206' title='bbox 598 1866 675 1906; x_wconf 92' lang='lat' dir='ltr'><strong>illa.</strong></span> <span class='ocrx_word' id='word_1_207' title='bbox 735 1867 931 1917; x_wconf 90' lang='lat' dir='ltr'><strong>Scriptum</strong></span> <span class='ocrx_word' id='word_1_208' title='bbox 955 1869 1030 1915; x_wconf 88' lang='lat' dir='ltr'><strong>est,</strong></span> <span class='ocrx_word' id='word_1_209' title='bbox 1059 1864 1294 1905; x_wconf 75' lang='lat' dir='ltr'><strong>Rulinkenio</strong></span> <span class='ocrx_word' id='word_1_210' title='bbox 1316 1869 1431 1915; x_wconf 84' lang='lat' dir='ltr'><strong>teste,</strong></span> <span class='ocrx_word' id='word_1_211' title='bbox 1453 1865 1491 1904; x_wconf 89' lang='lat' dir='ltr'><strong>in</strong></span> <span class='ocrx_word' id='word_1_212' title='bbox 1514 1865 1683 1917; x_wconf 87' lang='lat' dir='ltr'><strong>Etymo-</strong></span> 
     </span>
     <span class='ocr_line' id='line_1_26' title="bbox 155 1933 1687 1991; baseline -0.003 -13"><span class='ocrx_word' id='word_1_213' title='bbox 155 1939 290 1991; x_wconf 84' lang='lat' dir='ltr'><strong>logico</strong></span> <span class='ocrx_word' id='word_1_214' title='bbox 323 1938 526 1979; x_wconf 84' lang='lat' dir='ltr'><strong>Ultraieet.</strong></span> <span class='ocrx_word' id='word_1_215' title='bbox 558 1939 631 1976; x_wconf 81' lang='lat' dir='ltr'><strong>ita:</strong></span> <span class='ocrx_word' id='word_1_216' title='bbox 664 1935 882 1988; x_wconf 75' lang='grc' dir='ltr'><strong><em>Εὐκολίιή,</em></strong></span> <span class='ocrx_word' id='word_1_217' title='bbox 913 1933 936 1989; x_wconf 76' lang='grc' dir='ltr'><em>ἦ</em></span> <span class='ocrx_word' id='word_1_218' title='bbox 961 1935 1122 1988; x_wconf 76' lang='grc' dir='ltr'><em>Ἑκάτη,</em></span> <span class='ocrx_word' id='word_1_219' title='bbox 1151 1939 1237 1974; x_wconf 82' lang='grc' dir='ltr'><strong><em>κατ’</em></strong></span> <span class='ocrx_word' id='word_1_220' title='bbox 1260 1935 1528 1987; x_wconf 76' lang='grc' dir='ltr'><strong>α’ντίφρασιν,</strong></span> <span class='ocrx_word' id='word_1_221' title='bbox 1561 1933 1687 1974; x_wconf 75' lang='grc' dir='ltr'>οἱονεί</span> 
     </span>
     <span class='ocr_line' id='line_1_27' title="bbox 155 2004 1684 2063; baseline -0.004 -13"><span class='ocrx_word' id='word_1_222' title='bbox 155 2008 212 2063; x_wconf 68' lang='grc' dir='ltr'><strong>μή</strong></span> <span class='ocrx_word' id='word_1_223' title='bbox 248 2005 356 2050; x_wconf 75' lang='grc' dir='ltr'><em>οὖσα</em></span> <span class='ocrx_word' id='word_1_224' title='bbox 385 2006 575 2061; x_wconf 66' lang='grc' dir='ltr'><strong>εὐχερής.</strong></span> <span class='ocrx_word' id='word_1_225' title='bbox 634 2004 719 2059; x_wconf 78' lang='grc' dir='ltr'><strong>ἔχω</strong></span> <span class='ocrx_word' id='word_1_226' title='bbox 751 2006 893 2059; x_wconf 79' lang='grc' dir='ltr'><em>δὲτὴν</em></span> <span class='ocrx_word' id='word_1_227' title='bbox 914 2009 1069 2059; x_wconf 77' lang='grc' dir='ltr'><em>χρῆσιν</em></span> <span class='ocrx_word' id='word_1_228' title='bbox 1090 2004 1203 2058; x_wconf 73' lang='grc' dir='ltr'><em>παρὰ</em></span> <span class='ocrx_word' id='word_1_229' title='bbox 1229 2004 1519 2061; x_wconf 68' lang='grc' dir='ltr'><em>Καλλιμάχῳ·</em></span> <span class='ocrx_word' id='word_1_230' title='bbox 1553 2007 1684 2056; x_wconf 82' lang='grc' dir='ltr'><em>Χαῖρ’</em></span> 
     </span>
     <span class='ocr_line' id='line_1_28' title="bbox 159 2077 1689 2135; baseline -0.003 -14"><span class='ocrx_word' id='word_1_231' title='bbox 159 2080 379 2134; x_wconf 74' lang='grc' dir='ltr'><em>Εὐκολίνη.</em></span> <span class='ocrx_word' id='word_1_232' title='bbox 440 2080 512 2119; x_wconf 74' lang='grc' dir='ltr'><strong>διὰ</strong></span> <span class='ocrx_word' id='word_1_233' title='bbox 542 2081 619 2120; x_wconf 79' lang='grc' dir='ltr'><strong>τοῦ</strong></span> <span class='ocrx_word' id='word_1_234' title='bbox 648 2087 665 2120; x_wconf 85' lang='grc' dir='ltr'><em>ῖ</em></span> <span class='ocrx_word' id='word_1_235' title='bbox 693 2081 750 2134; x_wconf 74' lang='grc' dir='ltr'><strong>τῷ</strong></span> <span class='ocrx_word' id='word_1_236' title='bbox 780 2079 886 2135; x_wconf 73' lang='grc' dir='ltr'><strong>λόγῳ</strong></span> <span class='ocrx_word' id='word_1_237' title='bbox 916 2080 990 2120; x_wconf 82' lang='grc' dir='ltr'><strong>τοῦ</strong></span> <span class='ocrx_word' id='word_1_238' title='bbox 1025 2077 1220 2131; x_wconf 76' lang='grc' dir='ltr'><strong>Εὗηνίνη.</strong></span> <span class='ocrx_word' id='word_1_239' title='bbox 1291 2078 1417 2127; x_wconf 81' lang='lat' dir='ltr'><strong>Hine,</strong></span> <span class='ocrx_word' id='word_1_240' title='bbox 1449 2079 1523 2117; x_wconf 87' lang='lat' dir='ltr'><strong>nisi</strong></span> <span class='ocrx_word' id='word_1_241' title='bbox 1559 2078 1689 2129; x_wconf 90' lang='lat' dir='ltr'><strong>impe-</strong></span> 
     </span>
     <span class='ocr_line' id='line_1_29' title="bbox 161 2149 1687 2205; baseline -0.003 -14"><span class='ocrx_word' id='word_1_242' title='bbox 161 2153 257 2191; x_wconf 85' lang='lat' dir='ltr'><strong>ritus</strong></span> <span class='ocrx_word' id='word_1_243' title='bbox 298 2152 370 2192; x_wconf 90' lang='lat' dir='ltr'><strong>suit</strong></span> <span class='ocrx_word' id='word_1_244' title='bbox 400 2152 664 2205; x_wconf 84' lang='lat' dir='ltr'><strong>Etymologus</strong></span> <span class='ocrx_word' id='word_1_245' title='bbox 707 2153 811 2202; x_wconf 84' lang='lat' dir='ltr'><strong>iste,</strong></span> <span class='ocrx_word' id='word_1_246' title='bbox 852 2151 1086 2191; x_wconf 88' lang='lat' dir='ltr'><strong>necessario</strong></span> <span class='ocrx_word' id='word_1_247' title='bbox 1135 2150 1339 2202; x_wconf 87' lang='lat' dir='ltr'><strong>sequitur,</strong></span> <span class='ocrx_word' id='word_1_248' title='bbox 1381 2149 1487 2201; x_wconf 91' lang='lat' dir='ltr'><strong>quod</strong></span> <span class='ocrx_word' id='word_1_249' title='bbox 1528 2149 1687 2201; x_wconf 87' lang='lat' dir='ltr'><strong>quidem</strong></span> 
     </span>
     <span class='ocr_line' id='line_1_30' title="bbox 165 2220 1687 2276; baseline -0.002 -15"><span class='ocrx_word' id='word_1_250' title='bbox 165 2224 282 2263; x_wconf 89' lang='lat' dir='ltr'><strong>etiam</strong></span> <span class='ocrx_word' id='word_1_251' title='bbox 313 2224 464 2276; x_wconf 84' lang='lat' dir='ltr'><strong>absque</strong></span> <span class='ocrx_word' id='word_1_252' title='bbox 505 2223 583 2263; x_wconf 91' lang='lat' dir='ltr'><strong>hoc</strong></span> <span class='ocrx_word' id='word_1_253' title='bbox 621 2223 848 2262; x_wconf 87' lang='lat' dir='ltr'><strong>testimonio</strong></span> <span class='ocrx_word' id='word_1_254' title='bbox 891 2222 1175 2270; x_wconf 86' lang='lat' dir='ltr'><strong>crederemus,</strong></span> <span class='ocrx_word' id='word_1_255' title='bbox 1215 2221 1376 2272; x_wconf 86' lang='lat' dir='ltr'><strong>longam</strong></span> <span class='ocrx_word' id='word_1_256' title='bbox 1419 2220 1543 2259; x_wconf 81' lang='lat' dir='ltr'><strong>fuisse</strong></span> <span class='ocrx_word' id='word_1_257' title='bbox 1584 2220 1687 2272; x_wconf 87' lang='lat' dir='ltr'><strong>apud</strong></span> 
     </span>
     <span class='ocr_line' id='line_1_31' title="bbox 165 2291 1689 2346; baseline -0.002 -14"><span class='ocrx_word' id='word_1_258' title='bbox 165 2293 447 2333; x_wconf 85' lang='lat' dir='ltr'><strong>Callimachum</strong></span> <span class='ocrx_word' id='word_1_259' title='bbox 476 2293 669 2346; x_wconf 85' lang='lat' dir='ltr'><strong>syllabam</strong></span> <span class='ocrx_word' id='word_1_260' title='bbox 689 2294 802 2332; x_wconf 89' lang='lat' dir='ltr'><strong>vocis</strong></span> <span class='ocrx_word' id='word_1_261' title='bbox 825 2291 1031 2344; x_wconf 73' lang='grc' dir='ltr'><em>Εόκολίνη</em></span> <span class='ocrx_word' id='word_1_262' title='bbox 1056 2291 1332 2342; x_wconf 86' lang='lat' dir='ltr'><strong>penultimam:</strong></span> <span class='ocrx_word' id='word_1_263' title='bbox 1367 2295 1406 2330; x_wconf 91' lang='lat' dir='ltr'><strong>ut</strong></span> <span class='ocrx_word' id='word_1_264' title='bbox 1428 2291 1465 2329; x_wconf 91' lang='lat' dir='ltr'><strong>in</strong></span> <span class='ocrx_word' id='word_1_265' title='bbox 1495 2292 1689 2344; x_wconf 69' lang='lat' dir='ltr'><strong>Ev&#39;rym&#39;wq,</strong></span> 
     </span>
     <span class='ocr_line' id='line_1_32' title="bbox 166 2361 1689 2417; baseline -0.002 -15"><span class='ocrx_word' id='word_1_266' title='bbox 166 2368 205 2403; x_wconf 87' lang='lat' dir='ltr'><strong>et</strong></span> <span class='ocrx_word' id='word_1_267' title='bbox 233 2366 514 2417; x_wconf 81' lang='lat' dir='ltr'><strong>patronymicis</strong></span> <span class='ocrx_word' id='word_1_268' title='bbox 545 2365 645 2415; x_wconf 88' lang='lat' dir='ltr'><strong>aliis,</strong></span> <span class='ocrx_word' id='word_1_269' title='bbox 677 2364 726 2404; x_wconf 88' lang='lat' dir='ltr'><strong>de</strong></span> <span class='ocrx_word' id='word_1_270' title='bbox 756 2363 897 2415; x_wconf 89' lang='lat' dir='ltr'><strong>quibus</strong></span> <span class='ocrx_word' id='word_1_271' title='bbox 929 2363 1075 2402; x_wconf 90' lang='lat' dir='ltr'><strong>dictum</strong></span> <span class='ocrx_word' id='word_1_272' title='bbox 1106 2364 1144 2401; x_wconf 91' lang='lat' dir='ltr'><strong>in</strong></span> <span class='ocrx_word' id='word_1_273' title='bbox 1178 2363 1270 2413; x_wconf 90' lang='lat' dir='ltr'><strong>Cap.</strong></span> <span class='ocrx_word' id='word_1_274' title='bbox 1292 2362 1319 2401; x_wconf 92' lang='lat' dir='ltr'><strong>l.</strong></span> <span class='ocrx_word' id='word_1_275' title='bbox 1348 2373 1384 2413; x_wconf 93' lang='lat' dir='ltr'><strong>p.</strong></span> <span class='ocrx_word' id='word_1_276' title='bbox 1407 2361 1473 2399; x_wconf 78' lang='lat'><strong>43.</strong></span> <span class='ocrx_word' id='word_1_277' title='bbox 1491 2373 1549 2412; x_wconf 86' lang='lat' dir='ltr'><strong>sq.</strong></span> <span class='ocrx_word' id='word_1_278' title='bbox 1582 2366 1621 2400; x_wconf 85' lang='lat' dir='ltr'><strong>et</strong></span> <span class='ocrx_word' id='word_1_279' title='bbox 1649 2362 1689 2400; x_wconf 90' lang='lat' dir='ltr'><strong>in</strong></span> 
     </span>
     <span class='ocr_line' id='line_1_33' title="bbox 168 2432 1691 2489; baseline -0.002 -16"><span class='ocrx_word' id='word_1_280' title='bbox 168 2435 268 2485; x_wconf 89' lang='lat' dir='ltr'><strong>aliis,</strong></span> <span class='ocrx_word' id='word_1_281' title='bbox 299 2448 401 2488; x_wconf 84' lang='lat' dir='ltr'><strong>quae</strong></span> <span class='ocrx_word' id='word_1_282' title='bbox 432 2437 578 2489; x_wconf 86' lang='lat' dir='ltr'><strong>collegi</strong></span> <span class='ocrx_word' id='word_1_283' title='bbox 607 2436 789 2488; x_wconf 88' lang='lat' dir='ltr'><strong>Prolegg.</strong></span> <span class='ocrx_word' id='word_1_284' title='bbox 823 2447 862 2486; x_wconf 89' lang='lat' dir='ltr'><strong>p.</strong></span> <span class='ocrx_word' id='word_1_285' title='bbox 897 2433 960 2473; x_wconf 83' lang='lat'><strong>16.</strong></span> <span class='ocrx_word' id='word_1_286' title='bbox 993 2446 1050 2485; x_wconf 83' lang='lat' dir='ltr'><strong>sq.</strong></span> <span class='ocrx_word' id='word_1_287' title='bbox 1113 2433 1228 2480; x_wconf 83' lang='lat' dir='ltr'><strong>Quod</strong></span> <span class='ocrx_word' id='word_1_288' title='bbox 1257 2433 1291 2471; x_wconf 87' lang='lat' dir='ltr'><strong>si</strong></span> <span class='ocrx_word' id='word_1_289' title='bbox 1321 2436 1396 2481; x_wconf 89' lang='lat' dir='ltr'><strong>est,</strong></span> <span class='ocrx_word' id='word_1_290' title='bbox 1426 2444 1503 2470; x_wconf 88' lang='lat' dir='ltr'><strong>non</strong></span> <span class='ocrx_word' id='word_1_291' title='bbox 1536 2432 1610 2471; x_wconf 85' lang='lat' dir='ltr'><strong>crit</strong></span> <span class='ocrx_word' id='word_1_292' title='bbox 1640 2444 1691 2471; x_wconf 85' lang='lat' dir='ltr'><strong>ex</strong></span> 
     </span>
     <span class='ocr_line' id='line_1_34' title="bbox 169 2502 1688 2560; baseline -0.004 -14"><span class='ocrx_word' id='word_1_293' title='bbox 169 2507 317 2546; x_wconf 87' lang='lat' dir='ltr'><strong>Hecale</strong></span> <span class='ocrx_word' id='word_1_294' title='bbox 350 2507 611 2560; x_wconf 85' lang='lat' dir='ltr'><strong>fragmentum</strong></span> <span class='ocrx_word' id='word_1_295' title='bbox 643 2507 749 2546; x_wconf 88' lang='lat' dir='ltr'><strong>illud.</strong></span> <span class='ocrx_word' id='word_1_296' title='bbox 807 2506 857 2546; x_wconf 89' lang='lat' dir='ltr'><strong>Ut</strong></span> <span class='ocrx_word' id='word_1_297' title='bbox 887 2510 1058 2553; x_wconf 87' lang='lat' dir='ltr'><strong>taceam,</strong></span> <span class='ocrx_word' id='word_1_298' title='bbox 1091 2505 1125 2543; x_wconf 90' lang='lat' dir='ltr'><strong>si</strong></span> <span class='ocrx_word' id='word_1_299' title='bbox 1151 2504 1285 2542; x_wconf 87' lang='lat' dir='ltr'><strong>brevis</strong></span> <span class='ocrx_word' id='word_1_300' title='bbox 1311 2508 1419 2542; x_wconf 87' lang='lat' dir='ltr'><strong>esset</strong></span> <span class='ocrx_word' id='word_1_301' title='bbox 1451 2515 1496 2541; x_wconf 88' lang='lat' dir='ltr'><strong>ea</strong></span> <span class='ocrx_word' id='word_1_302' title='bbox 1521 2502 1688 2554; x_wconf 76' lang='lat' dir='ltr'><strong>syllaba,</strong></span> 
     </span>
     <span class='ocr_line' id='line_1_35' title="bbox 171 2574 1691 2629; baseline -0.005 -12"><span class='ocrx_word' id='word_1_303' title='bbox 171 2578 235 2617; x_wconf 91' lang='lat' dir='ltr'><strong>vel</strong></span> <span class='ocrx_word' id='word_1_304' title='bbox 263 2579 323 2617; x_wconf 89' lang='lat' dir='ltr'><strong>sic</strong></span> <span class='ocrx_word' id='word_1_305' title='bbox 356 2578 526 2617; x_wconf 87' lang='lat' dir='ltr'><strong>dubitari</strong></span> <span class='ocrx_word' id='word_1_306' title='bbox 557 2589 691 2629; x_wconf 89' lang='lat' dir='ltr'><strong>posse,</strong></span> <span class='ocrx_word' id='word_1_307' title='bbox 726 2590 776 2617; x_wconf 87' lang='lat' dir='ltr'><strong>an</strong></span> <span class='ocrx_word' id='word_1_308' title='bbox 805 2589 886 2617; x_wconf 89' lang='lat' dir='ltr'><strong>non</strong></span> <span class='ocrx_word' id='word_1_309' title='bbox 919 2581 1008 2628; x_wconf 87' lang='lat' dir='ltr'><strong>apta</strong></span> <span class='ocrx_word' id='word_1_310' title='bbox 1031 2576 1277 2623; x_wconf 77' lang='lat' dir='ltr'><strong>hexametro,</strong></span> <span class='ocrx_word' id='word_1_311' title='bbox 1309 2574 1574 2613; x_wconf 79' lang='lat' dir='ltr'><strong>Callimaelieo</strong></span> <span class='ocrx_word' id='word_1_312' title='bbox 1603 2574 1691 2624; x_wconf 86' lang='lat' dir='ltr'><strong>qui..</strong></span> 
     </span>
     <span class='ocr_line' id='line_1_36' title="bbox 174 2644 1693 2702; baseline -0.003 -14"><span class='ocrx_word' id='word_1_313' title='bbox 174 2650 284 2698; x_wconf 88' lang='lat' dir='ltr'><strong>dem,</strong></span> <span class='ocrx_word' id='word_1_314' title='bbox 314 2650 436 2689; x_wconf 77' lang='lat' dir='ltr'><strong>vei-ha</strong></span> <span class='ocrx_word' id='word_1_315' title='bbox 467 2650 583 2701; x_wconf 75' lang='grc' dir='ltr'><em>χαῖρ’</em></span> <span class='ocrx_word' id='word_1_316' title='bbox 614 2647 815 2702; x_wconf 77' lang='grc' dir='ltr'><strong>Εὖκολίνη</strong></span> <span class='ocrx_word' id='word_1_317' title='bbox 848 2649 993 2688; x_wconf 89' lang='lat' dir='ltr'><strong>forent.</strong></span> <span class='ocrx_word' id='word_1_318' title='bbox 1080 2647 1213 2694; x_wconf 85' lang='lat' dir='ltr'><strong>Quare</strong></span> <span class='ocrx_word' id='word_1_319' title='bbox 1247 2644 1486 2685; x_wconf 86' lang='lat' dir='ltr'><strong>servandam</strong></span> <span class='ocrx_word' id='word_1_320' title='bbox 1517 2645 1693 2695; x_wconf 84' lang='lat' dir='ltr'><strong>scriptu-</strong></span> 
     </span>
     <span class='ocr_line' id='line_1_37' title="bbox 173 2712 1694 2771; baseline -0.002 -13"><span class='ocrx_word' id='word_1_321' title='bbox 173 2731 256 2758; x_wconf 89' lang='lat' dir='ltr'><strong>ram</strong></span> <span class='ocrx_word' id='word_1_322' title='bbox 291 2719 328 2757; x_wconf 91' lang='lat' dir='ltr'><strong>in</strong></span> <span class='ocrx_word' id='word_1_323' title='bbox 358 2717 659 2771; x_wconf 80' lang='lat' dir='ltr'><strong>Etymologicis,</strong></span> <span class='ocrx_word' id='word_1_324' title='bbox 686 2718 832 2771; x_wconf 87' lang='lat' dir='ltr'><strong>Magno</strong></span> <span class='ocrx_word' id='word_1_325' title='bbox 867 2723 906 2757; x_wconf 86' lang='lat' dir='ltr'><strong>et</strong></span> <span class='ocrx_word' id='word_1_326' title='bbox 934 2717 1208 2766; x_wconf 85' lang='lat' dir='ltr'><strong>Ultraiectino,</strong></span> <span class='ocrx_word' id='word_1_327' title='bbox 1238 2715 1434 2768; x_wconf 83' lang='lat' dir='ltr'><strong>vulgatam</strong></span> <span class='ocrx_word' id='word_1_328' title='bbox 1461 2712 1621 2769; x_wconf 73' lang='grc' dir='ltr'><em>Ἑκάτη,</em></span> <span class='ocrx_word' id='word_1_329' title='bbox 1656 2720 1694 2755; x_wconf 82' lang='lat' dir='ltr'><strong>ct</strong></span> 
     </span>
     <span class='ocr_line' id='line_1_38' title="bbox 177 2790 440 2844; baseline -0.004 -14"><span class='ocrx_word' id='word_1_330' title='bbox 177 2790 440 2844; x_wconf 80' lang='lat' dir='ltr'><strong>fragmentum</strong></span> 
     </span>
    </p>
   </div>
  </div>
 </body>
</html>
