1856 3126
781 139 1086 178 -254—-—

176 260 219 302 td
257 259 435 313 perbene
474 258 731 298 Buttmannus
774 257 1065 297 domonstravit
1103 253 1284 308 Lexilogi
1324 253 1367 294 Τ,
1399 252 1430 294 t.
1469 264 1506 306 p.
1535 251 1601 293 71.
1640 263 1700 305 sq.

175 333 254 374 Sed
286 331 404 371 facilc
437 331 623 370 crederet
650 331 711 370 vir
740 330 996 370 doctissimus
1023 339 1087 368 mc
1121 339 1280 381 quoque
1313 325 1458 367 dudum
1486 328 1622 365 notata
1652 335 1702 365 ac

174 404 298 445 relata
342 403 391 443 ad
434 403 539 442 huno
584 402 713 442 locum
762 402 864 442 haec
910 402 1132 455 fragmenta
1179 400 1387 448 habuisse3
1432 398 1618 450 idemque
1663 397 1703 436 in

173 481 345 516 mentem
384 479 550 514 venerat
579 475 817 515 Ruhnkenio
852 475 974 526 Epist.
1008 475 1098 513 crit.
1128 472 1174 512 ΙΙ.
1209 485 1245 524 p.
1279 472 1369 512 187.
1400 470 1451 511 ad
1482 470 1704 523 Fragmen-

173 553 254 589 tum
285 548 484 588 CCXLlX.
546 548 603 587 De
646 547 707 586 Fr.
739 545 958 586 CCLXXV.
989 545 1085 585 satis
1115 543 1367 584 manifestum
1408 542 1598 582 indicium
1639 541 1706 580 fe·-

173 626 297 671 cerat,
330 622 394 673 qui
426 620 518 659 illud
551 619 680 669 affert,
712 618 960 660 Scholiasles
991 616 1193 670 Apollonii
1222 616 1248 657 1.
1283 615 1399 658 1162.
1436 613 1590 654 addens
1620 613 1704 652 ille:

175 694 458 744 Καλλίμαχος
493 689 583 732 ἐπί
621 693 718 731 τοῦ
752 690 1101 744 ἡττηθέντος
1145 687 1367 741 ταύρου.
1443 687 1528 726 Hoc
1560 696 1706 738 persa-

173 765 331 816 pienter
363 765 514 804 monuit
546 764 818 812 Bustmannus,
851 763 1031 802 noluisse
1066 761 1266 801 Theseum
1299 759 1488 800 occidere
1521 762 1588 798 aut
1616 770 1708 797 mu·-

173 837 289 877 tilarc
319 841 499 877 taurum:
546 836 617 876 sed
647 836 848 885 voluisse7
879 834 983 886 quod
1016 835 1143 873 maius
1175 835 1398 885 inceptum,
1429 833 1559 870 vivum
1589 835 1708 882 atque

175 909 415 949 incolumem
450 909 672 961 perducere
705 907 899 955 Athenas,
931 911 971 945 ut
1004 910 1255 959 spectaretur
1281 918 1303 945 a
1334 906 1501 957 populo,
1533 902 1708 953 (Plutar-

176 981 295 1022 chus:
328 982 403 1021 καί
439 981 755 1032 χειρωσάμενος
785 979 1028 1026 ὲπεδεΐξατο
1055 979 1190 1027 ζῶντα
1223 974 1291 1016 διὰ
1322 977 1398 1016 τοῦ
1423 971 1572 1021 ἄστεος
1609 973 1711 1014 ἑλά-

172 1061 299 1100 σαςε)
331 1058 369 1092 et
406 1057 650 1092 mactaretur
679 1050 936 1090 sollemniter.
998 1049 1188 1089 Consulto
1222 1048 1326 1087 haud
1359 1048 1477 1087 dubie
1509 1047 1710 1087 Isocrates

177 1127 218 1165 in
245 1125 440 1165 Encomio
472 1124 557 1165 Hel,
592 1123 670 1165 hoo
704 1127 854 1162 tantum
886 1121 1004 1163 dicit:
1043 1118 1114 1160 τόν
1144 1134 1187 1159 τε
1228 1119 1389 1171 ταῦρον
1417 1143 1470 1149 -
1507 1132 1712 1170 χειρω-

181 1198 443 1249 σάμενος.
503 1195 681 1235 Eustath.
714 1195 753 1233 in
788 1192 1115 1246 Oclyss.VtI.80.
1150 1188 1255 1231 ἔνθα
1286 1192 1359 1231 καί
1388 1189 1462 1230 τὸν
1490 1189 1712 1243 λεγόμενον

180 1268 481 1321 ῙΙῙαραθώιίον
514 1270 668 1320 ταῦρον
699 1263 864 1320 Θησεὺς
902 1262 1321 1304 κατεπάλαισεν.
1381 1262 1563 1302 Breviter
1595 1265 1713 1313 atque

179 1341 309 1381 obiter
343 1340 448 1380 idem
481 1339 708 1379 Eustathius
740 1340 780 1378 in
813 1337 923 1377 iliad.
959 1338 1004 1377 11.
1036 1350 1072 1389 p.
1104 1335 1200 1386 284,
1234 1335 1297 1375 17.
1331 1339 1371 1375 et
1402 1334 1545 1376 Strabo
1577 1333 1644 1374 lx.
1677 1346 1714 1386 p.

179 1413 274 1454 399.
309 1412 427 1462 (611.
466 1413 530 1461 Β.)
574 1408 620 1451 ὃν
659 1410 846 1450 ἀνεῖλε
891 1409 1070 1463 Θησεύς.
1131 1409 1296 1448 Nonnus
1343 1406 1401 1456 is,
1449 1407 1514 1459 qui
1555 1406 1717 1458 scripsit

180 1482 438 1538 Euvayoeerv
475 1482 680 1535 ἱστοριῶν
718 1483 757 1522 in
798 1483 1035 1534 Gregorium
1075 1481 1346 1533 Theologum,
1387 1479 1496 1518 Tom.
1529 1477 1574 1517 ΙΙ.
1615 1477 1714 1530 Opp.

181 1557 300 1610 Grcg.
333 1569 370 1609 p.
403 1556 497 1596 523.
565 1554 817 1605 (li'lontaeutii
870 1554 992 1594 editio
1034 1565 1140 1592 nunc
1181 1551 1275 1591 mihi
1314 1562 1396 1590 non
1441 1549 1491 1589 ad
1538 1555 1717 1598 manum)

186 1628 348 1668 Taurus
381 1652 430 1659 —-
465 1651 514 1657 —
548 1625 706 1665 tandem
728 1637 755 1664 α
786 1624 936 1664 Theseo
958 1624 1218 1674 interemptus
1249 1627 1321 1666 est.
1380 1622 1488 1662 Elias
1512 1621 1717 1662 Cretensis

183 1700 278 1740 ibid.
310 1712 345 1752 p.
377 1700 472 1739 432.
508 1697 634 1746 Quem
669 1698 843 1737 Theseus
883 1697 1039 1736 tandem
1071 1696 1277 1735 interemit.
1337 1694 1517 1735 Eudocia
1552 1705 1590 1745 p.
1620 1693 1716 1734 391.

185 1797 239 1804 —-
269 1773 340 1813 ἐπί
377 1773 524 1811 τοῦτον
555 1769 693 1809 ἐλθών
731 1768 750 1809 ὁ
788 1766 957 1823 Θησεύς
998 1769 1163 1808 ‘Ii-emsa}
1206 1765 1354 1807 αὐτόν.
1420 1768 1468 1808 Ut
1513 1766 1716 1818 Hyginus:

190 1845 367 1886 Taurum
396 1869 450 1874 —
487 1842 642 1882 occidit.
702 1841 799 1892 Intp.
828 1841 937 1880 Statii
961 1839 1083 1878 Theb.
1107 1839 1151 1877 V.
1171 1839 1269 1877 [illl.
1300 1849 1388 1877 cum
1418 1835 1718 1889 Mythographis

186 1916 276 1956 Maii
306 1914 336 1955 Ι.
363 1914 430 1953 47.
462 1913 507 1952 lt.
538 1912 625 1952 190.
657 1910 866 1950 interemit.
926 1909 977 1949 Et
1007 1909 1320 1962 Mythographus
1341 1910 1434 1950 Maii
1455 1910 1482 1950 1.
1504 1910 1570 1950 48.
1599 1913 1719 1949 tauro

187 1987 410 2039 interfecto.
469 1985 523 2024 At
554 1983 695 2023 horum
727 1988 859 2022 tamen
881 1982 1251 2021 recentissimorum
1283 1982 1532 2034 scriptorum,
1558 1986 1597 2020 et
1626 1981 1722 2021 lati-

189 2071 357 2109 norum,
388 2056 628 2109 singularis,
661 2060 701 2095 ut
731 2059 846 2107 puto,
877 2054 979 2093 ratio
1014 2057 1101 2103 est,
1146 2065 1227 2092 non
1259 2053 1435 2093 brevitas
1474 2054 1720 2106 simpliciter.

189 2132 309 2172 Certe
341 2130 508 2170 Ovidius
541 2141 659 2180 quum
688 2127 848 2166 scribit:
879 2129 930 2173 te,
962 2124 1138 2164 maxime
1171 2124 1336 2174 Theseu,
1366 2124 1521 2164 Mirata
1548 2129 1609 2164 est
1624 2123 1722 2164 Ma-

191 2203 338 2243 rathon
370 2201 531 2241 Cretaea·
558 2199 754 2252 sanquine
785 2197 922 2248 icturi,
954 2208 1035 2236 non
1066 2197 1219 2249 cogitat
1254 2197 1303 2236 de
1333 2196 1604 2238 immolatione
1632 2196 1722 2237 sol-
1750 2188 1764 2200 ”

193 2276 328 2326 lemni,
360 2274 432 2314 sed
469 2272 719 2313 interfectum
754 2282 846 2310 esse
874 2274 1025 2309 taurum
1058 2269 1294 2309 Marathone
1327 2270 1470 2310 statuit.
1527 2268 1612 2309 Nee
1643 2269 1723 2310 mi-

194 2362 294 2389 rum.
354 2346 618 2386 Coniunctum
659 2356 746 2383 cum
786 2341 1051 2395 religionibus
1084 2341 1385 2381 Atheniensium
1423 2352 1580 2380 sacrum
1609 2341 1723 2382 obliti

195 2425 288 2461 sunt
315 2419 566 2461 recentiores
597 2417 814 2468 scriptores
844 2415 977 2464 latini,
1007 2418 1047 2453 et
1081 2413 1256 2454 sortasse
1295 2413 1436 2466 graeci
1473 2414 1725 2454 recentiores

196 2493 330 2542 multi3
362 2503 446 2530 rem
479 2489 731 2541 primarIam,
763 2487 962 2527 devictum
993 2490 1110 2537 atque
1139 2486 1390 2526 interfectum
1422 2489 1596 2536 taurum,
1624 2486 1726 2526 reti-

197 2568 380 2613 nuerunt,
412 2566 613 2612 totamque
648 2560 739 2599 loco
764 2560 816 2610 ei,
849 2560 911 2598 cui
941 2559 1195 2611 pernioiOsus
1221 2558 1373 2608 suisset,
1404 2558 1724 2610 assignaverunt.

199 2635 421 2676 Buttmanni
457 2632 687 2673 observatio
721 2631 784 2670 illa
827 2631 944 2670 etiam
977 2630 1027 2670 ad
1066 2635 1244 2670 nostram
1291 2629 1595 2682 explicationem
1625 2630 1725 2669 Fra-

200 2708 349 2760 gmenti
379 2706 439 2745 Lt.
470 2705 508 2744 b.
539 2703 645 2743 utilis
676 2708 749 2753 est,
779 2715 800 2742 a
826 2713 904 2754 quo
936 2701 995 2741 sic
1028 2700 1200 2740 sortasse
1222 2702 1411 2741 transitus
1441 2702 1490 2742 ad
1514 2701 1723 2755 sequentia

203 2780 353 2819 sactus:
399 2776 592 2815 dubitanti
633 2779 764 2814 autem
798 2774 878 2812 hoo
919 2772 1131 2812 videbatur
1171 2773 1312 2813 melius
1353 2785 1468 2822 esse,
1496 2765 1580 2812 ὧδε
1611 2770 1657 2811 δὲ
1685 2769 1725 2812 οἱ

201 2851 444 2906 φρονέοντι,
487 2847 549 2886 vel
597 2847 672 2886 καί
709 2842 747 2884 οἱ
789 2841 1076 2898 πορφύροντι,
1123 2841 1334 2884 δοάσσατο
1382 2843 1547 2896 κέρδιον
1593 2837 1724 2894 εἶναι,
