1856 3126
749 124 1051 160 —199-—

142 252 179 294 p.
209 239 304 289 233,
330 240 394 280 35.
426 245 465 280 et
488 238 706 279 Gudianum
738 251 772 290 p.
798 238 887 289 126,
913 240 949 279 5.
982 239 1046 278 ubi
1078 238 1179 278 inter
1211 237 1343 276 varias
1376 235 1663 288 explicationes

143 313 255 352 vocis
285 313 536 358 Γλαυκῶπις
570 310 696 350 haec:
733 305 757 362 ἢ
789 309 870 350 ἀπὸ
898 312 972 351 τοῦ
999 310 1272 350 Γλαυκωηιόυ
1296 304 1423 361 ὅρους
1451 306 1663 361 (τῆςἈτ-

140 384 297 436 τικῆς),
336 379 359 422 ὃ
389 380 666 434 Λυκαβηττὸς
708 386 907 422 καλεῖται.
967 381 1246 421 Γλαυκωπιόυ
1283 393 1306 420 e
1351 381 1555 433 Gudian0‚
1598 380 1663 431 qui

142 455 260 494 etiam
290 456 359 507 τῆς
392 454 588 506 Ἀττικῆς
616 453 776 493 inserit:
816 455 855 493 in
883 453 1028 505 Magno
1073 457 1112 491 et
1151 452 1254 504 apud
1282 452 1519 492 Favorinum
1549 453 1663 501 (edit.

142 526 286 577 Basit.)
317 529 402 564 erat
429 524 722 577 γλαυκοποιόυ.
765 525 805 564 ln
827 537 870 564 re
888 536 1015 573 error,
1043 525 1077 563 si
1106 528 1167 563 est
1188 536 1315 573 error,
1345 528 1386 563 ut
1407 536 1486 576 ego
1515 524 1663 576 iudico,

140 599 314 638 sortasse
362 609 414 636 ex
459 608 508 635 eo
559 596 841 648 explicandus,
880 596 985 647 quod
1035 596 1151 635 facile
1197 596 1544 636 confundebantur
1592 609 1665 636 arx

139 671 384 713 Athenarum
415 673 453 708 et
486 669 639 708 vicinus
671 670 755 708 arci
786 681 898 708 mons
919 668 1170 720 LycahettuS.
1218 669 1277 708 De
1295 668 1527 720 Lycabetto,
1547 682 1663 720 quam

140 754 266 796 prope
296 741 467 781 abfuerit
499 741 547 779 ab
577 752 673 780 arce
705 753 740 779 v.
773 740 923 779 Miilleri
955 740 991 778 in
1024 740 1210 792 descript.
1244 740 1401 779 Atticae
1432 752 1455 791 p
1501 741 1592 781 916.
1624 746 1664 781 et

137 817 175 856 in
206 814 392 866 descript.
423 813 667 853 Athenarum
698 825 733 865 p.
770 813 861 851 931.
896 813 1126 851 sententias.
1186 810 1333 851 Arcem
1374 823 1465 850 esse
1505 814 1660 865 πέτραν

138 884 392 940 Παλλάδος,
425 890 541 938 atque
573 886 667 924 hinc
697 884 738 922 in
774 897 872 924 arce
904 885 1026 924 fuisse
1056 881 1356 933 Γλαυκώπιομ,
1390 886 1507 924 etiam
1537 884 1663 923 altero

136 964 372 1013 argumento
401 959 607 998 evincitur.
665 957 761 997 Nam
794 969 885 996 esse
907 955 1111 1007 κατόψιον
1137 958 1209 1009 γῆς
1239 957 1378 1009 τῆσδε,
1410 957 1446 996 h.
1471 969 1506 996 e.
1535 957 1664 996 Troe-

135 1030 291 1080 zeniae‚
315 1030 436 1083 longe
465 1029 698 1082 prospicere
729 1028 768 1067 in
799 1041 907 1068 mare
939 1028 1156 1067 subiectum
1187 1033 1304 1080 atque
1333 1029 1370 1067 in
1399 1029 1659 1074 Troezeniam

136 1102 372 1154 regionem:
403 1102 442 1142 id
477 1106 623 1142 tantum
656 1101 705 1141 de
735 1113 832 1141 arce
851 1101 1095 1141 Athenarum
1128 1102 1276 1140 diserte
1302 1101 1468 1141 traditur
1489 1103 1538 1141 ab
1570 1102 1664 1141 ido-

136 1175 225 1214 neis
256 1174 435 1214 testibus.
493 1175 618 1215 Notus
651 1179 712 1214 est
750 1174 934 1214 colossus
977 1176 1072 1214 artis
1099 1174 1342 1225 Phidiacae,
1372 1175 1548 1215 Minerva
1569 1204 1580 1223 ,
1612 1174 1662 1212 de

134 1260 212 1300 quo
247 1252 309 1287 est
339 1260 361 1288 a
393 1247 656 1287 Valckenario
687 1247 903 1286 adhibitum
931 1246 1108 1298 Euripidi
1141 1248 1405 1287 testimonium
1435 1247 1654 1286 Pausaniae

135 1319 164 1359 l.
198 1320 263 1368 28,
293 1320 330 1358 2.
363 1319 429 1358 ubi
466 1320 505 1358 in
534 1330 628 1358 arce
660 1330 827 1358 versans
855 1323 1043 1358 recenset
1073 1330 1193 1371 opera
1218 1331 1268 1358 ex
1290 1320 1455 1360 decimis
1485 1318 1660 1371 praedae

138 1391 306 1431 belileae
335 1391 546 1430 confecta:
578 1383 745 1441 ἄγαλμα
775 1391 956 1442 Ἀθηνᾶς
982 1392 1167 1441 χαλκοῦν
1198 1389 1278 1430 (inf)
1314 1388 1480 1443 ἷΙίΙήδων
1507 1392 1589 1431 τῶν
1619 1388 1662 1437 ἐς

139 1463 398 1514 ΗΙαραθῶνα
430 1458 690 1513 ἀποβάντων,
724 1461 846 1513 τέχνη
881 1462 1080 1500 Φειδίου·
1113 1487 1161 1492 -
1197 1460 1348 1516 ταύτης
1377 1462 1449 1514 τῆς
1478 1462 1662 1515 Ἀθηνᾶς

137 1530 263 1587 ἢτοῦ
293 1530 466 1584 δόρατος
498 1528 631 1584 αι’χμὴ
676 1531 748 1571 καί
786 1528 805 1570 ὃ
846 1528 976 1586 λόφος
1012 1533 1085 1571 τοῦ
1131 1532 1308 1585 κράνους
1355 1532 1434 1572 α’πὸ
1480 1532 1660 1574 Σουνίου

137 1605 440 1656 προσπλέουσίν
468 1606 555 1645 ἐστι
585 1601 780 1645 σύνοπτα.
823 1607 874 1645 ct'.
905 1606 1009 1645 idem
1040 1606 1253 1646 Pausanias
1275 1607 1340 1647 lX.
1370 1608 1411 1656 4,
1449 1610 1479 1648 l.
1510 1607 1659 1647 llliiller.

140 1676 325 1729 descript.
360 1676 550 1717 Athenar.
592 1689 628 1730 p.
671 1677 763 1717 939.
796 1681 836 1716 et
869 1682 984 1728 ante,
1024 1677 1074 1716 de
1114 1677 1290 1717 Minerva
1331 1678 1489 1718 Poliade
1522 1691 1558 1730 p.
1593 1679 1657 1719 19,

138 1749 189 1788 de
217 1749 351 1789 Phidia
381 1762 417 1801 p.
449 1751 513 1790 91.
571 1751 629 1790 De
660 1762 709 1790 eo
740 1750 911 1790 fortasse
947 1750 1364 1802 cogitabatHimerius
1387 1752 1493 1790 Orat.
1517 1751 1657 1790 111.13.

137 1818 239 1861 ὅθεν
271 1829 345 1871 (ex
376 1829 491 1872 arce)
525 1821 547 1875 ἦ
578 1821 675 1869 θεὸς
706 1820 921 1863 ἐποπτεύει
955 1827 1030 1862 etc.
1089 1823 1242 1862 Dehinc
1272 1835 1386 1874 quum
1424 1823 1565 1863 similia
1606 1822 1656 1861 de

141 1895 282 1946 templo
311 1896 594 1948 praedicantur
622 1908 643 1935 a
667 1897 951 1947 scriptoribus:
982 1908 1073 1936 esse
1103 1897 1141 1936 in
1168 1898 1319 1936 vertice
1342 1897 1446 1935 arcis
1475 1895 1659 1947 positum,

137 1979 230 2007 esse
261 1980 283 2007 e
317 1966 534 2022 longinquo
565 1969 837 2021 conspicuum,
869 1969 997 2021 qualia
1031 1982 1081 2009 ex
1107 1969 1357 2009 Dicaearcho
1389 1968 1533 2009 Athen.
1556 1966 1657 2006 Xlll.

137 2052 174 2093 p.
206 2041 299 2081 594.
330 2042 371 2082 F.
399 2042 584 2082 Lucretio
613 2042 674 2082 VI.
707 2041 799 2083 749.
831 2042 1075 2094 deprompsit
1109 2042 1226 2082 docta
1260 2042 1462 2094 diligentia
1483 2040 1658 2080 Valcke-

135 2114 260 2154 narii:
290 2126 370 2154 non
413 2114 656 2165 decernam,
687 2116 858 2154 maxime
898 2116 935 2154 in
969 2114 1242 2165 Dicaearcho,
1273 2119 1401 2154 utrum
1435 2114 1657 2165 intelligant

135 2199 253 2239 quem
280 2187 539 2228 Philochorus
571 2188 683 2236 (coll.
714 2189 897 2230 Siebelis.
928 2188 977 2227 ad
1006 2189 1172 2230 Pausan.
1194 2187 1221 2226 I.
1253 2185 1396 2238 24‚5.)
1427 2185 1657 2237 simpliciter

135 2256 208 2297 τὸν
236 2257 338 2300 νεών
367 2258 440 2300 τὸν
467 2262 598 2312 μέγαν
637 2261 754 2311 dicit,
785 2261 1099 2311 Parmenonem,
1132 2261 1181 2300 de
1219 2271 1296 2311 quo
1339 2259 1496 2310 quidem
1539 2257 1656 2297 facile

135 2329 265 2380 quivis
295 2330 460 2381 primum
492 2334 662 2385 cogitet3
704 2346 753 2374 an
787 2333 971 2385 templum
1003 2333 1206 2374 Minervae
1237 2330 1420 2371 Poliadis.
1488 2330 1530 2369 In
1563 2330 1655 2369 loco

133 2401 373 2443 Dicaearchi
403 2403 541 2456 altero,
570 2406 610 2445 in
641 2405 825 2457 Excerpt.
855 2407 906 2445 B.
925 2403 1144 2454 Ἑλλάδος,
1175 2403 1264 2454 ubi,
1295 2414 1397 2455 quae
1438 2402 1558 2454 vulgo
1591 2402 1656 2440 in-

135 2474 360 2526 terpunctio
398 2481 479 2528 est,
522 2477 848 2530 distinguuntur,
889 2481 929 2517 et
961 2481 1094 2528 recte,
1128 2481 1167 2516 ut
1199 2481 1320 2529 puto,
1351 2476 1656 2527 distinguuntur,

134 2546 277 2598 templa
307 2547 411 2598 duo,
442 2548 612 2588 Poliadis
644 2553 683 2588 et
721 2549 969 2599 Parthenon,
1003 2548 1052 2588 de
1099 2549 1223 2600 priori
1262 2548 1429 2587 dictum:
1458 2544 1654 2598 Ἀθηνᾶς

132 2615 269 2671 ἱερόν,
298 2619 543 2670 πολυτελές,
579 2617 776 2674 ἀπόβιον,
807 2614 923 2671 ἄξιον
960 2623 1086 2668 θέας·
1127 2621 1285 2660 multum
1327 2619 1506 2658 exercuit
1543 2618 1652 2659 viros

133 2689 289 2730 doctos.
347 2690 441 2730 Mihi
469 2691 611 2732 Marxii
642 2694 873 2734 coniectura
906 2694 1106 2745 κατόψιον
1137 2698 1179 2733 ut
1208 2704 1287 2733 non
1318 2704 1433 2732 vera:
1463 2703 1542 2732 non
1575 2703 1652 2742 po-

134 2767 262 2804 tuerat
292 2765 396 2804 enim
428 2763 631 2815 κατόψιον
662 2765 721 2804 sic
747 2765 976 2816 simpliciter
997 2764 1098 2805 dici:
1124 2766 1173 2804 ita
1197 2765 1374 2817 proxima
1403 2775 1500 2804 vero
1531 2763 1652 2803 vide-

134 2839 208 2874 tur.
266 2837 397 2878 Placet
424 2835 614 2889 ἐπόψιον,
644 2834 913 2887 conspicuum.
996 2835 1188 2876 Confecta
1217 2840 1289 2887 est,
1322 2847 1423 2889 quae
1455 2846 1531 2875 una
1560 2845 1651 2886 pars
