1856 3126
708 95 1012 132 ——263—

939 209 982 250 αἱ
1013 210 1058 250 δὲ
1086 213 1282 262 γυναῖκες

422 277 571 332 [αὐτὸν
601 281 693 330 μὲν]
729 280 951 338 στόρνῃσιν
981 283 1225 335 ἀνέστεφον.

95 350 146 389 ad
175 349 353 389 Hecalen
384 350 527 389 retulit.
588 349 664 389 Est
694 357 827 391 autem
856 353 932 392 hoc
956 354 1224 404 fraymentum
1254 353 1502 402 Callimachi,
1534 353 1631 404 opi-

91 433 181 469 nor,
212 421 254 460 in
275 420 444 461 Hecale.-
479 421 549 461 uba·
571 423 619 462 de
655 424 804 464 Theseo
834 437 860 464 a
891 425 1012 465 Creta
1039 430 1133 476 post
1160 427 1338 466 occisum
1354 426 1630 466 Minotaurum

90 493 261 543 reduce,
296 497 335 532 et
362 492 413 532 ab
446 493 596 534 Hecale
627 496 801 547 hospitio
834 502 1001 548 excepto
1032 497 1240 549 aqebatur.
1273 499 1321 538 de
1352 510 1430 549 quo
1459 498 1629 538 Plutar-

91 564 189 603 chus
219 565 260 603 in
285 564 448 605 Theseo.
510 568 661 619 Confer
692 570 996 609 etiamSuidam
1024 582 1154 621 supra
1176 581 1213 610 υ.
1240 570 1626 622 Περιαγειρόμενοι

92 635 198 676 Tom.
223 637 302 677 ΙΙΙ.
333 650 375 689 p.
405 638 474 678 80.
544 639 586 678 ln
617 638 678 679 his
711 641 803 693 quid
844 641 985 681 falsum
1017 643 1095 692 sit,
1128 647 1166 682 at
1195 643 1317 695 longe
1358 642 1627 691 salsissimum,

88 715 253 762 apparet
283 714 371 762 post
403 722 451 749 ea
483 723 585 762 quae
619 712 668 751 de
704 718 942 764 argumento
975 713 1202 765 ambituque
1237 714 1406 753 Hecales
1439 714 1627 754 carminis

87 787 165 822 tam
197 783 235 822 in
268 782 571 835 Prolegomenis
605 796 721 836 quam
753 786 789 823 in
823 784 916 836 Cap.
951 784 997 823 ll.
1030 797 1068 836 p.
1101 787 1168 825 55.
1201 797 1260 838 sq.
1295 785 1515 824 docuimus.
1575 786 1627 826 At

85 854 191 896 idem
225 855 491 908 fragmentum
532 860 662 907 aptum
702 857 778 896 erit
816 857 855 896 in
889 856 1092 907 Hecalen,
1134 860 1168 897 si
1206 860 1403 898 victorem
1433 857 1625 897 reducem

86 936 173 967 'cum
208 927 367 968 devicto
397 931 510 967 tauro
539 927 790 968 Marathonio
823 929 1018 969 'Theseum
1051 929 1265 982 intelligas.
1325 931 1430 970 Sane
1461 929 1624 969 obstare

84 999 242 1039 videtur
275 999 419 1041 Suidas
452 1002 648 1052 (itemque
678 1001 837 1041 Photius
867 1002 962 1042 Lex.
996 1014 1032 1053 p.
1067 1002 1163 1042 413.
1198 1008 1281 1053 sq.)
1312 1015 1351 1041 v.
1386 1004 1623 1053 Περιαγει-

85 1067 276 1123 ρόμενοι,
312 1072 379 1112 ubi
416 1085 534 1125 quum
581 1086 667 1113 mos
705 1079 909 1124 veterum,
948 1074 1114 1114 floribus
1161 1074 1372 1125 foliisque,
1406 1072 1469 1111 vel
1502 1074 1620 1112 eliam

83 1144 248 1183 coronis
281 1148 399 1196 atque
430 1145 573 1196 Zonis,
607 1147 802 1185 victorem
832 1146 1084 1195 honorandi,
1124 1146 1174 1185 ad
1210 1149 1380 1185 aetatem
1421 1144 1622 1184 referatur

82 1214 242 1265 Thesei,
274 1216 340 1267 qui
371 1228 393 1255 e
424 1216 541 1256 Creta
575 1229 784 1268 reverSUS,
809 1219 949 1257 occiso
978 1218 1225 1268 Minotauro,
1256 1218 1308 1257 ita
1343 1217 1564 1257 honoratus
1595 1229 1619 1257 a

88 1287 336 1339 aopularibus
367 1288 499 1340 fuerit,
530 1288 649 1329 facile
679 1290 913 1330 coniectura
945 1291 1138 1337 nascitur,
1171 1303 1218 1330 ac
1242 1294 1332 1329 nata
1365 1294 1427 1329 est
1452 1290 1618 1341 Toupi0‚

97 1358 131 1397 id
166 1359 272 1398 idem
311 1362 465 1412 tempus
500 1361 727 1413 factumque
759 1363 984 1413 pertinere,
1016 1363 1123 1414 quod
1153 1367 1272 1415 poeta
1319 1361 1421 1414 apud
1456 1362 1617 1402 Suidam

105 1429 206 1470 itero
236 1430 328 1471 loco
359 1431 474 1472 dicit:
510 1431 552 1473 αἱ
585 1433 631 1473 δὲ
662 1438 854 1484 γυναῖκες
887 1431 1110 1490 στόρνῃσιν
1142 1435 1372 1488 α’νέστεφον
1409 1433 1614 1473 Theseum.

117 1502 196 1543 uod
226 1504 260 1543 si
292 1508 379 1555 est,
411 1504 506 1544 nihil
544 1517 755 1546 commune
788 1506 881 1545 huic
924 1506 1151 1560 fragmento
1197 1518 1285 1546 cum
1330 1506 1481 1545 Hecale
1524 1506 1612 1546 erit.

118 1581 126 1616 t
156 1577 195 1615 in
226 1576 376 1616 Hecale
405 1576 501 1628 poni
530 1580 662 1628 queat,
691 1576 943 1616 statuendum
977 1579 1065 1627 erit,
1097 1577 1203 1629 quod
1236 1589 1307 1617 cur
1338 1579 1457 1617 statui
1490 1589 1613 1630 posse

121 1655 221 1701 lgem
250 1648 397 1688 nullam
433 1661 617 1689 caussam
649 1649 785 1700 video,
817 1651 928 1689 cuius
963 1650 1087 1690 moris
1118 1651 1316 1703 originem
1345 1650 1503 1701 SuidaS,
1532 1650 1611 1690 alio

124 1720 199 1771 tte,
234 1720 283 1760 ad
315 1720 485 1760 reditum
520 1732 541 1760 e
575 1721 693 1761 Creta
733 1722 937 1773 retulerit,
985 1724 1071 1763 eius
1114 1723 1357 1762 mentionem
1401 1722 1546 1762 factam
1587 1735 1611 1763 a

127 1788 318 1832 (liinacho
350 1804 442 1832 esse
473 1792 513 1831 in
544 1792 651 1833 facto
684 1794 836 1845 priori,
869 1795 1038 1834 victoria
1068 1795 1333 1835 Marathonia.
1393 1796 1497 1843 Quid
1532 1796 1611 1836 ho-

126 1872 160 1904 ri
197 1863 457 1905 Ruhnkenius
501 1865 676 1904 senserit
713 1866 753 1905 in
796 1865 933 1918 Epistt.
971 1866 1099 1906 Tittm.
1130 1879 1166 1918 p.
1205 1868 1268 1907 21.
1300 1868 1492 1908 incertum
1534 1872 1608 1908 est.

128 1932 177 1975 Nl
207 1937 272 1976 ille
300 1936 378 1976 nisi
408 1936 674 1990 fragmentum
703 1942 862 1990 poetae,
895 1936 938 1977 αἱ
970 1938 1016 1977 δὲ
1037 1942 1230 1991 γυναῖκες
1261 1938 1484 1995 στόρνῃσιν
1515 1940 1610 1982 α’νέ-

131 2018 272 2063 σκφον,
304 2008 470 2060 profert,
500 2012 714 2060 monetque
746 2008 897 2048 addere
927 2009 1089 2050 Suidam
1120 2006 1219 2059 περὶ
1250 2009 1440 2063 Θησέως-ι
1473 2015 1518 2050 ut
1543 2012 1611 2050 ηἰ-

134 2071 340 2129 hilubites,
375 2077 471 2129 quin
504 2090 556 2116 eac
584 2077 734 2118 Hecale
764 2082 964 2129 sumptum
990 2078 1055 2119 sit.
1192 2078 1366 2134 στόρνην
1393 2081 1608 2136 Lycophro

133 2149 264 2190 v-ssO.
296 2150 495 2203 cingulum
528 2150 774 2203 Hippolytes.
834 2151 1060 2204 α’νέστεφεν
1091 2152 1283 2191 annotavi
1316 2164 1368 2193 ex
1396 2154 1606 2197 Plutarcho

135 2214 190 2255 Th
231 2233 266 2259 c.
301 2222 364 2264 22.
397 2221 446 2261 de
480 2221 780 2273 caduceatore,
822 2223 888 2275 qui
926 2225 1073 2264 missus
1112 2225 1150 2264 in
1198 2225 1360 2275 urbem,
1392 2230 1432 2265 ut
1463 2228 1608 2268 Thesei

137 2286 285 2332 aditum
316 2305 337 2332 e
359 2293 475 2333 Creta
506 2294 715 2334 redeuntis
748 2296 971 2346 nunciaret,
1001 2308 1118 2348 quum
1143 2299 1305 2338 coronis
1335 2300 1604 2352 exciperetur,

136 2360 186 2400 ilS
216 2367 313 2405 ’onis
344 2377 424 2406 non
454 2378 520 2418 se,
552 2367 625 2407 sed
655 2366 698 2408 τὸ
732 2361 952 2421 κηρύκειον
982 2368 1224 2425 ἀνέστεφεν.

229 2450 241 2478 3
276 2442 389 2478 tauro
432 2438 685 2478 Marathonio
729 2439 909 2479 Athenas
955 2439 1154 2493 adducto,
1201 2443 1337 2495 ibique
1382 2442 1602 2496 immolato,

141 2503 420 2563 lociffliptorum
452 2511 492 2551 hi
531 2515 633 2550 sunt.
693 2510 946 2551 Plutarchus:
986 2511 1035 2553 ‘O
1065 2514 1110 2553 δὲ
1146 2512 1311 2568 Θησεύς
1342 2540 1395 2545 -
1429 2516 1604 2567 ἐξῆλθεν

143 2576 249 2617 5⁷1¹*ss
283 2580 583 2635 Μαραθώνιον
623 2584 780 2636 ταῦρον
812 2610 865 2615 —-
902 2583 973 2624 καί
1010 2584 1325 2637 χειρωσάμενος
1367 2587 1605 2636 ἐπεδείξατο

146 2649 307 2698 ζῶνῒιοὶ
343 2656 418 2693 τοῦ
447 2649 595 2702 ἄστεος
627 2654 808 2709 ἐλάσας,
840 2652 928 2697 εἶτα
959 2658 1015 2713 τῷ
1044 2655 1274 2697 Ἀπόλλωνι
1304 2658 1357 2713 τῷ
1384 2655 1601 2714 Δελφινίῳ

147 2720 311 2766 uate-⁶1:21.
372 2727 587 2767 Pausanias
631 2726 723 2767 loco
764 2740 884 2779 supra
922 2728 1016 2780 Cap.
1043 2727 1087 2767 11.
1119 2741 1153 2780 p.
1189 2728 1253 2768 53.
1298 2730 1502 2782 apposito,
1534 2731 1600 2770 ubi

150 2789 504 2851 abSsslhistoriam,
535 2811 650 2852 quam
683 2800 757 2852 ipsi
787 2800 826 2839 in
859 2804 1033 2840 mentem
1074 2806 1341 2842 revocaverat
1373 2802 1599 2843 dedicatum
