1820 3141
762 114 1011 150 —7-.

139 227 299 268 insolita
330 226 524 278 imperitia
553 226 734 276 voluerit,
764 240 893 280 neque
923 228 1040 268 inulta
1064 229 1187 278 suere,
1216 238 1347 280 neque
1368 226 1502 278 longa.
1535 226 1646 266 Nunc

137 304 263 352 patet,
290 310 335 338 re
366 311 462 339 vera
493 310 574 338 non
603 298 726 337 tuisse
755 300 861 349 μέγα
893 301 1048 352 ποίημα
1077 299 1273 349 llecalen,
1304 297 1367 337 vet
1395 301 1437 337 ut
1464 308 1647 348 maymaem

139 373 217 412 (lici
259 377 400 424 queat,
429 384 613 425 magnum
647 370 768 410 fuisse
799 382 878 409 non
911 382 1005 422 prae
1051 371 1138 410 aliis
1181 370 1344 410 aliorum
1393 368 1645 418 carminibus,

134 456 265 497 neque
295 443 630 497 aequiparandum
659 442 827 492 aemuli,
873 447 1033 494 propter
1064 455 1178 494 quem
1221 443 1394 482 llccalen
1435 442 1646 493 scripsisse

135 521 293 570 putatur
323 515 607 565 Callimachus,
639 514 906 567 longitudini,
937 514 1011 554 sed
1046 526 1230 567 magnum
1272 527 1366 566 prae
1411 515 1495 554 aliis
1526 513 1647 552 Calli-

135 588 266 628 machi
297 589 520 640 pocmatis,
559 588 660 627 inter
696 599 796 638 quae
827 586 973 626 nullum
1013 587 1186 626 arctiore
1221 598 1340 626 sensu
1371 598 1539 638 poema,
1570 585 1646 625 hoc

134 665 221 710 est,
249 660 394 700 nullum
426 671 585 699 carmen
615 660 842 698 continuum
874 663 991 710 atque
1031 658 1146 698 unius
1184 659 1431 710 argumenti,
1463 659 1548 697 sive
1567 688 1578 708 ,
1607 661 1648 697 ut

134 733 201 772 hic
230 732 359 772 statim
390 732 514 771 verbo
544 735 683 783 postea
714 730 945 770 illustrando
974 730 1097 783 ipsius
1118 729 1342 770 Callimachi
1373 734 1472 779 utar,
1502 729 1645 769 nullum

135 805 333 856 διηνεκές,
371 816 418 842 ea
451 803 697 855 longitudine
731 802 812 842 snit.
872 802 996 849 Quam
1028 801 1188 855 longum
1220 806 1348 842 autem
1387 801 1529 851 fuerit,
1560 801 1646 853 quis

136 875 275 916 dicat?
332 875 485 914 lustum
523 887 664 927 poema
694 874 870 914 llecalen
913 873 1018 914 haud
1062 875 1193 926 inepte
1235 874 1329 913 (licit
1358 874 1406 913 A.
1435 873 1647 912 l'olitianus

133 947 226 988 loco
255 946 385 1000 paullo
413 951 503 999 post
531 946 750 987 laudando:
788 947 852 998 qui
873 947 990 985 ctiam
1012 950 1284 999 argumentum
1304 946 1511 998 poematis,
1541 944 1647 997 quod

135 1019 385 1060 divinaverat
413 1031 464 1059 ex
494 1018 715 1069 Plutarcho,
746 1029 826 1058 non
847 1018 949 1057 male
979 1018 1280 1070 comprehendit
1311 1030 1452 1058 versu:
1487 1016 1648 1056 Battia-

133 1093 201 1132 des
233 1091 409 1132 Hecaten
440 1096 581 1141 sonat,
622 1096 659 1130 et
688 1090 949 1130 Marathonia
975 1095 1112 1142 qesta,
1147 1091 1300 1130 Celsior
1328 1093 1501 1129 assueto.
1558 1089 1646 1142 Ego

132 1176 205 1217 pro
237 1165 408 1218 imagine
437 1165 630 1213 Hecates,
661 1175 763 1216 quae
792 1175 881 1203 meo
912 1164 1042 1202 animo
1076 1164 1335 1213 obversatur,
1366 1174 1508 1202 versus
1542 1161 1647 1201 mille

132 1241 173 1277 et
205 1237 415 1288 ducentos,
447 1237 512 1277 vel
544 1237 649 1276 mille
681 1241 720 1277 et
747 1237 988 1289 quingentos
1019 1237 1142 1276 fuisse
1171 1239 1327 1284 statu03
1356 1233 1419 1273 vel
1448 1234 1482 1273 si
1512 1233 1575 1272 cui
1595 1233 1647 1272 ita

132 1310 303 1362 placeat,
332 1309 437 1349 mille
464 1313 504 1349 et
533 1310 799 1361 octingentos,
833 1308 882 1347 ad
905 1321 1019 1360 quem
1050 1320 1252 1348 numerum
1281 1307 1459 1360 proxime
1491 1305 1648 1346 accedit

132 1382 334 1436 Apollonii
366 1381 468 1421 liber
501 1382 566 1434 qui
595 1380 877 1434 longissimus,
908 1385 1083 1433 quartus

244 1454 498 1495 Pertractabo
540 1455 616 1494 hac
656 1454 947 1506 opportunitate
983 1453 1254 1506 quaestionem
1299 1449 1348 1490 de
1386 1451 1648 1505 βραχυλογίᾳ

135 1527 379 1578 Callimachi,
413 1527 463 1568 de
494 1539 569 1579 qua
600 1531 690 1579 post
722 1526 947 1579 Spanhemii
976 1526 1026 1565 ad
1056 1524 1205 1565 Callim.
1235 1523 1273 1562 h.
1295 1521 1424 1574 Apoll.
1450 1522 1539 1561 11‘2.
1562 1520 1648 1560 dis-‘-

133 1602 400 1652 putationem,
440 1601 506 1651 qui
544 1599 702 1639 diversa
736 1601 899 1650 miscet,
933 1612 1050 1639 nemo
1091 1600 1276 1638 accurate
1324 1596 1519 1646 exposuit.
1585 1594 1647 1634 Ac

131 1671 257 1721 primo
293 1672 508 1711 carminum
538 1671 773 1711 brevitatem
811 1670 1008 1710 amavisse
1039 1669 1337 1720 Callimachum,
1366 1680 1432 1708 res
1462 1671 1523 1706 est
1552 1678 1647 1706 cer-

132 1745 297 1784 tissima.
355 1744 483 1784 Testis
517 1745 628 1796 ipse,
668 1743 760 1782 loco
794 1743 1119 1795 elegantissimo,
1152 1742 1298 1794 hymno
1341 1742 1381 1780 in
1421 1739 1646 1792 Apollinem

134 1813 224 1854 105.
257 1824 382 1865 usque
411 1813 463 1853 ad
493 1814 557 1854 fin.

232 1883 281 1926 ‘O
315 1882 480 1932 Φθόνος
505 1884 759 1933 Ἀπόλλωνος
788 1885 853 1926 ἐπ’
881 1880 1014 1926 οἰῖατα
1044 1883 1222 1934 λάθριος
1251 1879 1381 1924 εἶπεν·

243 1955 316 1995 οὐκ
345 1950 507 2007 ἄγαμαι
535 1953 608 1996 τὸν
637 1955 792 2007 αόιὸόν,
824 1954 869 2004 ὃς
899 1955 990 1996 οὐδ’
1022 1950 1097 1997 ὅσα
1125 1957 1268 2004 πόντος
1295 1954 1439 1996 ἀείδει.

240 2025 313 2068 τὸν
345 2023 512 2067 Φθόνον
541 2025 743 2068 ὣπόλλων
772 2030 874 2069 ποδί
897 2034 927 2069 τ’
960 2024 1125 2082 ἤλασεν,
1156 2021 1237 2069 ὧδέ
1268 2028 1303 2068 τ’
1335 2025 1484 2067 ἔειπεν·

236 2096 461 2151 Ἀσσυρίου
491 2103 696 2149 ποταμοῖο
728 2098 858 2151 μέγας
890 2096 1011 2151 ῥόος,
1043 2096 1149 2138 ἀλλὰ
1178 2095 1226 2138 τὰ
1259 2095 1390 2138 πολλὰ

238 2167 408 2220 λύματα
432 2171 507 2221 γῆς
533 2169 606 2209 καί
631 2168 783 2210 πολλὸν
813 2170 880 2224 ἐφ’
906 2165 1032 2210 ὕδατι
1061 2167 1272 2223 συρφετὸν
1300 2171 1421 2210 ἕλκει.

238 2244 351 2294 Δηοῖ
375 2242 415 2280 δ’
442 2241 515 2281 οὐκ
544 2240 626 2281 dno
658 2240 812 2290 παντὸς
842 2237 956 2294 ὕδωρ
988 2243 1192 2296 φορέουσι
1222 2243 1455 2294 Ms'mooaa,

239 2309 332 2354 ἀλλ’
354 2309 442 2367 ἥτις
473 2311 638 2367 καθαρὴ
672 2329 715 2354 τε
744 2313 816 2354 καί
844 2313 1082 2366 ἀχράαντος
1112 2312 1283 2364 α’νέρπει

240 2383 414 2433 πίδακος
441 2386 483 2434 ἐξ
514 2384 629 2438 ἱερῆς
659 2385 774 2440 ὀλιγὴ
806 2383 952 2438 λιβάς,
987 2380 1114 2439 ἄκρον
1145 2381 1291 2428 ἄωτον.

242 2458 383 2510 Χαῖρε
413 2451 539 2504 ἅναξ·
585 2455 604 2496 ὁ
636 2458 682 2499 δὲ
712 2458 904 2510 Μῶμος,
935 2457 985 2498 ἵν’
1015 2454 1036 2497 ὅ
1070 2453 1248 2511 φθόρος,
1277 2454 1381 2498 ἔνθα
1413 2459 1557 2496 νέοιτο.

153 2526 203 2567 Et
234 2528 483 2581 omprobavit
513 2540 599 2569 eam
638 2531 876 2570 sententiam
904 2542 947 2570 re
980 2530 1190 2581 factoque,
1226 2541 1342 2582 quum
1370 2528 1515 2569 nullum
1550 2530 1642 2569 lon-

153 2600 396 2652 giusflecale
427 2613 586 2640 carmen
615 2601 782 2640 fecerit:
813 2600 961 2641 Hecale
993 2614 1090 2641 vero
1122 2601 1228 2653 ipsa,
1260 2603 1303 2640 ut
1331 2612 1408 2639 nos
1438 2600 1642 2640 statuimus

154 2671 204 2711 (le
237 2674 359 2714 aihitu
390 2674 604 2724 carminis,
633 2685 715 2713 non
745 2673 815 2712 suit
854 2673 1015 2726 longum
1046 2684 1200 2725 poema.
1256 2673 1323 2714 Sic
1366 2685 1479 2725 quam
1509 2672 1640 2714 Ἠλα-

153 2739 256 2796 κάτη
271 2746 434 2786 ῖι-ἰιιηοο
464 2746 657 2798 poetriae,
690 2756 850 2784 carmen
880 2744 1170 2796 brevissimum,
1199 2744 1271 2785 sed
1291 2744 1643 2798 elegantissimum,

154 2814 421 2871 dulcisnnum,
450 2817 751 2860 admirationem
785 2818 950 2872 meruit,
992 2820 1077 2859 eius
1106 2818 1381 2860 admirationis
1413 2817 1642 2871 participem
