1856 3126
824 117 1130 155 —264—

212 241 253 281 in
283 250 377 280 arce
407 239 731 287 monumentum,
759 235 862 276 tauri
896 234 1165 286 Marathonii,
1198 234 1227 275 1.
1261 234 1327 274 27.
1358 238 1458 274 extr.
1496 231 1571 274 τὸν
1612 232 1658 274 δὲ
1700 233 1744 273 ἐν

211 313 270 366 τῷ
300 310 550 362 ΠἸαραθῶνι
579 308 736 359 ταῦρον
765 303 939 360 ὕστερον
962 303 1140 360 ,Θησεύς
1169 307 1210 355 ἐς
1234 304 1307 359 την
1336 305 1565 358 α’κρόπολιν
1594 303 1746 346 ἐλάσαι

213 379 285 421 καί
313 381 446 421 θῦσαι
477 380 636 432 λέγεται
668 380 718 435 τῇ
747 380 848 434 θεῷ,
880 379 953 419 καί
978 375 1024 419 ‘cd
1061 374 1261 432 ἀνάθημά
1288 380 1374 418 ἐστι
1398 378 1474 417 τοῦ
1503 373 1640 429 δήμου
1671 377 1747 416 τοῦ

211 453 538 504 ΙΠαραθωνίων.
610 451 812 491 Diodorus
846 450 908 490 [V.
939 450 1005 490 59.
1047 454 1148 489 extr.
1192 447 1300 499 μετὰ
1339 451 1384 489 ὸὲ
1415 448 1549 488 ταῦτα
1589 444 1658 488 τὸν
1699 448 1744 488 ἐν

211 523 461 574 ῙΙἸαραθῶνι
492 525 674 575 ταῦρον,
709 518 759 562 ὃν
782 517 995 575 ζΗροικλῆς
1027 520 1154 559 τελῶν
1185 513 1318 559 ἆθλον
1357 520 1401 560 ἐκ
1437 518 1606 572 Κρήτης
1639 514 1748 571 (ἔπη-

213 609 337 647 γαγεν
376 594 434 643 εἰς
463 592 812 648 Πελοπόννησον,
850 592 1108 644 συμπλακείς
1152 590 1225 630 καί
1262 590 1471 643 κρατήσας
1509 591 1585 630 τοῦ
1627 588 1751 640 ζώου,

216 665 449 720 κατήγαγεν
481 666 540 712 εἰς
567 664 642 712 τὰς
669 664 866 717 Ἀθήνας.
909 664 1056 703 τοῦτον
1096 664 1132 703 δ’
1164 663 1323 715 Αἰγέιὶς
1357 659 1619 715 παραλαβών
1646 659 1752 702 ἔθυ-

217 752 288 777 σεν
312 734 560 778 Ἀπόλλωνι.
619 736 708 776 Non
742 737 840 777 dicit
869 737 1103 788 Pausanias,
1138 737 1230 789 quid
1262 738 1379 776 suerit
1408 737 1447 775 in
1468 738 1750 774 monumento:

216 808 290 850 sed
322 808 495 848 fortasse
527 808 583 848 illi
621 809 842 861 respondet
875 815 1156 849 conservatum
1189 809 1332 858 nobis,
1376 808 1511 849 Millin.
1542 807 1665 847 Pcint.
1702 805 1752 845 de

217 892 337 921 vases
375 911 739 921 ......
799 882 978 922 Theseus
1011 882 1199 923 deorsum
1230 882 1396 922 flectens
1427 892 1564 921 coram
1595 877 1754 919 Pallade

217 959 386 994 taurum.

331 1025 392 1064 De
424 1024 666 1063 Callimacho
698 1025 805 1075 quod
836 1025 1109 1077 quaerendum
1141 1030 1293 1075 restat,
1329 1030 1454 1064 utram
1482 1024 1754 1064 narrationem

222 1101 414 1148 sequutus
445 1096 516 1146 sit,
547 1095 796 1147 Pausaniae,
839 1098 904 1149 qui
946 1097 1150 1137 Minervae
1184 1098 1357 1137 oblatum
1399 1109 1491 1137 esse
1532 1101 1684 1137 taurum
1716 1096 1757 1136 in

224 1180 321 1208 arce
364 1168 531 1216 scribit,
562 1179 610 1207 an
644 1180 757 1222 eam,
787 1181 889 1221 quac
919 1175 980 1210 est
1018 1170 1120 1222 apud
1158 1171 1408 1211 Plutarchum
1448 1174 1488 1210 et
1517 1169 1757 1210 Diodorum:

221 1252 300 1294 ego
329 1240 505 1292 Apollini
539 1240 714 1281 oblatum
755 1243 858 1293 apud
898 1243 1180 1284 Callimachum
1213 1255 1329 1295 esse,
1367 1243 1546 1294 indicio,
1576 1246 1619 1281 ut
1650 1240 1758 1281 multi

223 1313 480 1364 iudicabunt,
513 1314 618 1365 levi,
649 1314 720 1354 sed
751 1327 796 1354 re
826 1327 948 1367 vera,
981 1317 1058 1356 nisi
1089 1329 1152 1356 me
1182 1329 1270 1356 mea
1302 1315 1496 1367 quaedam
1526 1314 1760 1354 coniectura

225 1386 351 1437 fallit,
383 1386 626 1439 gravissimo
660 1386 906 1426 demonstro.
979 1387 1142 1427 Scilicet
1174 1388 1240 1427 diu
1271 1387 1511 1438 multumque
1544 1384 1763 1437 quaesive-

226 1469 337 1508 ram,
364 1469 442 1510 quo
472 1457 730 1498 referendum
763 1463 896 1510 esset,
931 1463 970 1498 et
999 1470 1077 1511 quo
1112 1459 1202 1499 loco
1237 1458 1512 1511 reponendum
1543 1457 1760 1510 Fragmen-

231 1534 311 1569 tum
341 1529 513 1570 Hecales
540 1529 692 1569 XLV-³<-

497 1601 687 1653 Νηπειής
724 1593 786 1654 ἦτ’
817 1594 943 1651 ἄργος
962 1633 973 1653 ,
1009 1597 1200 1651 ἀοίδιμος
1231 1597 1493 1653 Ἀδρήστεια.

229 1671 299 1711 ubi
331 1670 495 1722 Nepeae
525 1684 717 1723 campus,
748 1673 894 1713 nobilis
915 1673 1131 1714 Adrastea.
1191 1675 1381 1723 Tandem,
1401 1673 1492 1714 dum
1513 1674 1642 1714 fausta
1663 1673 1738 1714 hor

230 1744 511 1797 Fragmentum
545 1743 690 1784 CCXC.
732 1746 927 1797 inspicio,
959 1748 1092 1786 omnia
1124 1747 1242 1797 mihi,
1272 1748 1348 1787 nisi
1387 1747 1532 1798 fallor,
1563 1746 1734 1799 pates-act

234 1820 336 1856 sunt.
397 1815 541 1856 Verum
575 1816 666 1856 illud
699 1829 801 1867 non,
828 1822 870 1857 ut
895 1831 946 1858 ex
973 1819 1182 1859 Eustathio
1214 1821 1254 1859 in
1284 1819 1393 1859 Iliad.
1424 1819 1469 1859 ll.
1499 1819 1594 1860 825.
1635 1818 1728 1858 Beni

234 1886 337 1927 leius
370 1886 504 1937 dedit,
532 1883 782 1928 ἑλικώτατον
813 1884 926 1942 ὕδωρ
957 1888 1180 1944 Αἰσήπου,
1213 1890 1286 1930 sed
1317 1893 1369 1930 ita
1399 1889 1656 1930 scribendum
1689 1902 1722 1930 es

234 1970 314 1998 una
347 1959 545 2010 quantivis
577 1960 694 2010 pretii
723 1961 867 2000 vocula
891 1962 1059 2013 auctius,
1088 1967 1131 2002 ut
1163 1962 1305 2015 legitur
1326 1964 1363 2002 in
1387 1961 1559 2004 Scholiis
1589 1961 1639 2002 ad
1659 1974 1714 2002 eu·

237 2029 328 2069 dem
359 2030 522 2069 Homeri
565 2030 698 2070 locum
745 2033 1062 2085 antiquioribus,
1109 2034 1208 2074 Ven.
1240 2035 1283 2075 B.
1316 2034 1504 2074 Leidens.
1552 2034 1708 2085 (Valcke

238 2101 386 2154 Opusc.
418 2102 461 2142 T.
481 2102 527 2141 ll.
560 2114 595 2154 p.
625 2102 737 2154 130.)
768 2108 807 2143 et
838 2105 1034 2156 Lipsiens.

762 2174 958 2231 Αἴσηπον
987 2174 1099 2231 ἔχεις
1127 2174 1381 2218 ἑλικώτατον
1410 2174 1544 2232 ὕδωρ.

237 2243 300 2284 Ex
326 2244 461 2285 Schol.
492 2245 598 2298 Lips.
628 2247 836 2289 Ernestius
854 2249 1055 2303 Αἰσήπου
1088 2250 1272 2291 attulerat
1288 2264 1298 2300 3
1329 2262 1435 2290 nunc
1456 2253 1606 2290 certum
1624 2247 1704 2292 Ai-

239 2329 316 2355 πον
348 2315 564 2356 collatione
594 2317 855 2359 Bachmanni.
913 2320 1018 2360 Add.
1048 2320 1227 2360 Eustath.
1262 2321 1303 2361 in
1337 2322 1446 2363 lliad.
1478 2323 1506 2362 l.
1526 2323 1594 2364 98.
1626 2317 1704 2363 ὅθὲ

240 2385 286 2426 τὸ
318 2389 453 2438 μέλαν
483 2385 618 2429 &lexov
649 2391 838 2442 λέγεται,
863 2392 986 2445 δηλοῖ
1008 2394 1079 2432 καί
1107 2390 1127 2432 ὁ
1160 2390 1288 2433 εἰπών
1320 2391 1389 2433 τὸν
1418 2391 1615 2447 Αἴσηπον
1639 2405 1704 2434 πῖ-

239 2454 323 2508 Ιιιὸν
351 2455 601 2499 ἑλικώτατον
631 2457 762 2514 ὕδωρ.
795 2468 833 2502 et
864 2463 958 2503 ibid.
995 2464 1127 2505 Schol.
1152 2464 1250 2504 Ven.
1275 2466 1321 2505 A.
1352 2461 1594 2506 ἑλικώπιδα·
1619 2475 1703 2518 μὲν·

242 2527 492 2583 όφθαλμον,
525 2531 603 2585 (ἐφ’
633 2527 683 2573 οὗ
716 2533 927 2589 εὐπρεπῆ,
960 2532 1015 2584 ὦς
1046 2538 1352 2589 Καλλίμαχος·
1382 2534 1496 2591 ὕδωρ
1529 2533 1702 2588 pasnadi-

241 2599 392 2652 σήπου.
451 2604 547 2641 καῖ’
579 2602 775 2658 Αἴσηπον
801 2604 911 2658 ἔχεις
942 2603 1188 2648 ἐλικώτατον
1219 2605 1348 2661 ὕδωρ.
1382 2609 1449 2649 ubi
1481 2609 1701 2661 aliquidffl-

244 2675 323 2710 tum
353 2673 458 2714 haud
492 2674 631 2716 dubie:
664 2664 779 2730 ὕδωρ
811 2680 944 2729 με’),αν
975 2678 1286 2732 Αἰσήπουωιο)
1314 2681 1477 2721 Homeri
1509 2686 1582 2732 est,
1610 2673 1698 2719 125.

247 2753 327 2781 non
369 2744 611 2787 Callimachi.
685 2749 790 2788 Vidit
832 2751 908 2790 iam
945 2751 1213 2792 Blomfieldius
1246 2753 1296 2793 ad
1329 2753 1424 2794 Call.
1455 2754 1520 2793 Fr.
1557 2752 1624 2793 CO
1654 2757 1691 2797 P·

249 2814 341 2854 980.
373 2818 447 2866 (cf.
477 2831 512 2870 p.
545 2819 666 2872 317.)
698 2826 735 2861 cl
765 2823 823 2862 sic
854 2825 1061 2865 emendat:
1106 2850 1155 2858 --
1189 2822 1243 2873 ὥς
1268 2825 1340 2866 καί
1371 2823 1483 2879 ἵδωρ
1515 2818 1691 2876 ,idm-fll-
