1856 3126
746 145 1052 185 -241-ΛΞ

137 261 308 303 tuendus
330 261 394 301 ille
424 265 502 300 tam
529 261 697 301 usitatus
727 260 856 302 hiatus
877 263 948 312 sit:
978 265 1019 303 ut
1048 260 1086 301 in
1119 261 1198 302 hoc
1229 271 1363 311 versu,
1396 258 1665 314 ὀφθαλμοῖσι

137 339 314 386 τεοῖσιν,
354 328 380 386 ἢ
420 327 550 372 ἄλλου
594 334 736 383 μῦθον
777 331 964 381 οἰκούσας
1007 333 1082 373 Od.
1114 333 1177 373 III.
1211 333 1276 373 94.
1317 332 1379 372 IV.
1410 332 1505 372 324.
1546 344 1666 384 quum

136 409 268 444 exstet
312 405 422 444 varia
463 404 658 456 scriptura
701 403 939 459 ὀφθαλμοῖς
979 409 1135 454 τεοῖσι,
1183 415 1265 443 non
1308 402 1482 443 absurde
1523 403 1666 456 aliquis

135 478 362 516 coniecerit
393 476 498 515 hunc
536 481 648 516 certe
688 477 892 517 librarium
939 477 1116 517 voluisse
1159 475 1425 530 ὀφθαλμοῖσι
1466 480 1597 527 τεοῖς,
1637 471 1666 530 ἢ

135 545 265 590 ἄλλου
299 566 344 601 μ.
375 549 415 588 α’.
478 548 574 587 Cum
608 546 715 586 hiatu
756 549 795 586 in
826 547 928 600 pede
959 551 1123 599 quarto:
1171 545 1246 585 Od.
1279 544 1375 585 VIII.
1415 546 1510 587 491.
1553 543 1664 587 ὥστε

136 638 216 662 που
249 617 273 675 ἢ
302 618 431 667 αὕιὸς
463 617 643 672 παρεών,
675 614 699 672 ἢ
731 614 860 660 ἄλλου
892 615 1090 667 ἀκούσας.
1123 623 1164 658 et
1201 630 1290 657 cum
1330 617 1440 658 hiatu
1469 619 1510 657 in
1545 618 1664 658 tertio

135 699 175 734 ct
214 695 253 733 in
293 696 434 746 quarto
473 691 596 743 pede:
637 692 711 735 Od.
741 692 789 731 X.
825 692 919 731 574.
950 690 1236 745 ὀφθαλμοῖσιν
1267 686 1402 740 ἴδοιτ’,
1447 684 1471 742 ἢ
1518 686 1609 730 ἔνθ’
1639 684 1666 742 ἦ

134 764 240 806 ἔνθα
270 763 425 805 κιόντα.
486 764 575 803 Non
606 776 763 816 appono
794 764 941 814 omnia,
970 763 1042 803 sed
1073 773 1121 801 ea
1151 765 1315 811 tantum,
1349 772 1400 800 ex
1420 762 1560 813 quihus
1589 761 1668 801 ali-

133 838 230 890 quid
271 837 418 877 discas.
481 836 609 877 Veluti
641 835 781 875 horum
812 835 1013 884 locorum,
1059 833 1127 886 qui
1167 836 1259 872 sunt
1299 831 1374 872 Od.
1414 833 1464 873 X.
1495 830 1591 874 574.
1627 838 1668 873 et

134 909 177 950 Il.
215 909 261 949 ΙΙ.
297 909 393 949 397.
442 908 727 948 recordatione
768 906 914 947 sactum
959 910 1115 958 putem,
1164 904 1272 956 quod
1316 904 1554 956 Apollonius
1600 905 1664 946 III.

133 982 228 1022 771.
260 980 407 1021 hiatum
438 981 477 1020 in
509 980 612 1033 pede
636 983 776 1032 quarto
809 979 969 1018 admisit
998 977 1104 1017 haud
1136 980 1393 1017 cunctanter:
1425 973 1540 1029 δειλὴ
1569 974 1664 1030 ἐγώ,

134 1051 210 1092 νῦν
241 1049 346 1092 ἔνθα
378 1052 514 1092 κακῶν
542 1045 568 1105 ἢ
597 1048 702 1091 ἔνθα
736 1051 933 1103 γένωμαι.
992 1049 1103 1088 Facit
1132 1049 1251 1088 etiam
1292 1047 1442 1088 hiatum
1481 1042 1507 1101 ἦ
1538 1049 1668 1100 parti-

135 1123 223 1164 cula
271 1124 310 1163 in
349 1122 453 1175 pede
496 1122 708 1172 secundo,
752 1134 786 1161 e.
826 1132 866 1173 g.
901 1119 943 1160 11.
981 1119 1064 1160 XV.
1094 1120 1162 1159 82.
1205 1117 1293 1159 ἔνθ’
1328 1116 1440 1171 εἴην,
1487 1113 1514 1172 ἢ·
1545 1117 1666 1161 ἔνθα.

133 1197 201 1236 Sic
242 1197 411 1235 usitatus
450 1195 580 1235 hiatus
621 1190 645 1247 ἦ
685 1194 931 1247 particulae,
976 1198 1055 1233 tum
1101 1194 1141 1233 in
1183 1192 1302 1232 tertio
1346 1191 1451 1244 pede
1495 1195 1576 1232 tum
1620 1192 1662 1232 in

132 1271 298 1319 quarto,
344 1271 436 1306 ante
481 1266 677 1306 vocabula
718 1260 892 1317 ἄγριος,
940 1260 1191 1316 ἀγρότερος,
1241 1256 1473 1315 eimanag:
1514 1261 1557 1301 11.
1599 1261 1664 1302 III.

135 1339 200 1378 24.
243 1339 336 1378 Hes.
368 1339 475 1380 Scut.
508 1339 553 1378 H.
583 1336 679 1377 407.
729 1336 858 1389 Apoll.
901 1335 1028 1375 Rhod.
1065 1334 1112 1374 lI.
1146 1333 1240 1374 696.
1287 1334 1454 1385 Dionys.
1494 1333 1536 1373 P.
1567 1334 1663 1374 672.

133 1409 256 1462 Orph.
287 1411 385 1463 Arg.
416 1409 511 1449 645.
542 1409 681 1459 (640.)
726 1409 858 1457 Quint.
889 1408 1044 1460 Smyrn.
1067 1405 1245 1447 V1.396.
1305 1406 1552 1458 Quamquam
1582 1416 1666 1445 non

134 1481 188 1520 ita
220 1481 322 1521 haec
353 1481 527 1533 disputo,
561 1481 643 1520 acsi
675 1484 807 1532 putem
835 1491 994 1531 semper
1022 1482 1183 1531 poetam
1215 1479 1510 1529 recentiorem,
1542 1481 1665 1517 ante-

131 1564 248 1605 quam
271 1552 421 1593 hiatum
452 1552 698 1603 admitteret,
740 1551 847 1592 aliud
877 1550 1057 1590 eiusdem
1089 1550 1219 1591 hiatus
1248 1550 1390 1590 eadem
1432 1549 1664 1590 conditione

131 1626 298 1666 admissi
328 1626 552 1678 exemplum
590 1624 789 1677 antiquius
829 1624 1178 1676 circumspexisse.
1247 1622 1329 1664 Sed
1364 1627 1406 1663 ut
1445 1621 1689 1662 consistam,

131 1698 170 1737 in
199 1697 302 1750 pede
333 1698 477 1748 tertio,
508 1697 548 1736 in
578 1697 807 1737 universum
839 1701 984 1749 poetae
1016 1696 1266 1736 recentiores
1309 1695 1564 1747 correptione
1607 1694 1664 1734 uti

130 1782 247 1822 quam
280 1770 387 1809 hiatu
416 1769 652 1809 maluerunt.
711 1768 911 1809 Hesiodus
942 1767 1101 1820 quidem
1130 1767 1266 1819 hiatu,
1297 1767 1448 1820 Theog.
1474 1766 1516 1808 6.
1554 1767 1662 1808 Scut.

130 1842 177 1882 H.
208 1839 302 1882 407.
361 1842 410 1881 Et
438 1841 548 1881 hiatu
579 1840 765 1881 Eumelus
798 1839 901 1891 apud
931 1839 1139 1879 Ruhnken.
1168 1838 1291 1891 Epist.
1313 1839 1397 1877 crit.
1420 1837 1468 1877 11.
1504 1849 1540 1889 p.
1565 1837 1660 1877 222.

129 1914 396 1966 correptione
438 1913 702 1954 Antimachus
739 1912 894 1965 Fragm.
927 1911 1033 1951 XXI.
1076 1912 1138 1960 (in
1179 1911 1298 1950 tertio
1342 1909 1502 1962 quidem
1540 1909 1661 1962 pede,

131 1999 221 2026 uam
253 1987 294 2026 in
324 1985 503 2026 secundo
533 1984 662 2024 hiatus
698 1988 780 2034 est)
826 1988 866 2023 et
904 1983 1108 2035 Euphorio
1140 1982 1200 2022 Fr.
1229 1981 1324 2021 LIV.
1396 1980 1662 2034 Correptione

128 2059 275 2099 Aratus
305 2058 464 2110 saepius
495 2069 610 2109 quam
644 2057 764 2097 hiatu.
828 2056 876 2096 Et
906 2057 966 2095 sic
997 2056 1082 2095 fere
1109 2055 1273 2106 reliqui,
1301 2053 1562 2106 Apollonius,
1589 2054 1664 2098 Ni-

132 2130 306 2180 cander,
338 2130 563 2183 Oppianus,
593 2129 777 2181 Orpheus
808 2128 1175 2181 Argonauticorum
1219 2126 1411 2178 scriptor,
1440 2126 1661 2166 Maximus:

131 2203 206 2242 etsi
237 2202 399 2242 difficile
429 2207 491 2242 est
520 2215 572 2242 ex
599 2207 676 2242 tam
707 2202 844 2253 paucis
876 2201 978 2241 locis
1004 2201 1189 2249 efficere,
1220 2199 1313 2251 quid
1344 2199 1487 2250 cuique
1513 2203 1662 2250 poetae

131 2276 289 2327 magis,
327 2275 421 2326 quid
454 2276 583 2314 minus
614 2275 820 2326 placuerit.
881 2274 1076 2325 Dionysio
1106 2272 1340 2324 Periegetae
1382 2270 1530 2310 hiatum
1570 2270 1661 2322 pla-

131 2346 266 2386 cuisse
293 2345 547 2386 Homericum
578 2345 742 2395 dixeris,
775 2357 825 2384 ex
856 2357 893 2384 v.
926 2344 1020 2384 445.
1051 2343 1146 2383 672.
1180 2348 1219 2383 et
1251 2342 1345 2382 937.
1373 2342 1412 2381 in
1435 2353 1512 2394 quo
1538 2354 1661 2382 versu

130 2418 166 2458 si
198 2417 386 2457 mutanda
417 2422 478 2457 est
508 2418 669 2471 vulgata
702 2417 794 2457 olim
824 2417 1032 2468 scriptura,
1068 2420 1177 2454 certe
1209 2426 1290 2454 non
1320 2418 1483 2466 propter
1510 2413 1658 2453 hiatum

130 2488 320 2529 mutanda
353 2493 425 2528 est.
485 2489 636 2528 Placuit
674 2489 767 2528 item
799 2488 930 2528 hiat-us
961 2487 1181 2536 NumeniO,
1214 2487 1248 2525 si
1279 2489 1431 2525 certum
1466 2486 1518 2525 sit
1553 2486 1662 2525 iudi-

132 2563 234 2602 cium
268 2573 320 2600 ex
347 2561 529 2600 versibus
563 2562 664 2611 eius,
698 2561 763 2612 qui
793 2565 885 2601 sunt
915 2559 1019 2612 apud
1047 2558 1298 2599 Athenaeum
1330 2555 1408 2595 VII.
1439 2568 1475 2607 p.
1494 2555 1589 2598 304.
1612 2556 1660 2596 D.

131 2638 173 2674 et
205 2634 300 2676 322.
332 2632 374 2672 Β.
406 2633 446 2672 F.
477 2645 513 2684 p.
545 2633 639 2673 306.
671 2634 712 2672 C.
745 2646 780 2685 p.
810 2633 905 2674 313.
939 2632 984 2671 E.
1044 2631 1192 2670 Contra
1220 2629 1392 2668 Maximo
1426 2641 1461 2667 ν.
1494 2627 1589 2667 532.
1622 2633 1662 2668 et

136 2705 308 2746 maxime
339 2703 571 2744 Manethoni
600 2704 663 2743 III.
689 2701 782 2745 374.
818 2703 923 2756 quod
957 2703 1117 2742 unicum
1155 2700 1285 2739 hiatus
1325 2698 1410 2739 eius
1442 2697 1547 2750 apud
1573 2698 1661 2737 Ma-

137 2776 353 2816 nethonem
385 2775 606 2826 exemplum
636 2779 718 2824 est,
748 2786 831 2814 non
863 2773 1021 2813 dubium
1059 2772 1151 2824 quin
1181 2770 1427 2811 restituenda
1460 2771 1662 2822 correptio

139 2848 218 2888 sit:
261 2846 434 2887 Maximo
475 2846 803 2899 συμφορέωνται
846 2851 889 2894 (e
929 2844 1061 2896 script.
1102 2843 1211 2896 vulg.
1257 2840 1582 2894 ovpspope'ovt’),
1626 2845 1666 2881 et

235 2928 361 2960 Naekii
386 2927 505 2970 opusc.
535 2926 578 2958 11.
1351 2912 1400 2952 16
