1856 3126
785 100 1091 140 -1521—

159 218 293 259 locum
324 216 568 257 Callimachi.
631 215 692 256 Cf.
738 219 778 255 et
822 215 1044 256 Favorinus
1076 219 1153 256 tam
1200 217 1239 256 in
1285 216 1436 257 Lexico
1483 229 1520 257 v.
1567 217 1707 269 Έιιέν,

162 302 279 343 quam
310 290 349 328 in
378 288 543 341 Eclogis
571 300 608 340 p.
644 287 734 339 169,
767 287 833 328 36.
866 300 902 340 p.
928 287 1019 337 172,
1043 289 1106 327 11.
1138 288 1202 328 ed.
1233 289 1349 329 Dind.
1409 291 1468 330 De
1500 289 1599 341 ἐμέν
1626 290 1708 330 So-

162 361 332 415 phocleo
365 361 482 400 multa
518 365 579 400 est
607 354 815 400 dubitatio.
873 361 978 400 Dicit
1007 365 1135 400 autem
1157 360 1328 402 Hecale:
1361 362 1484 414 γρῆες
1506 361 1618 413 ἐμέν,
1641 365 1710 402 aut

163 433 214 473 de
242 446 289 474 se
319 432 422 484 sola,
452 445 557 472 anus
585 445 688 481 sum,
720 433 967 482 insolenter3
1003 438 1069 473 aut
1102 433 1248 485 aliquid
1280 434 1377 475 tale:
1415 446 1491 473 nos
1519 438 1710 485 quotquot

163 518 268 545 anus
300 518 452 546 sumus.
539 505 716 546 Sublicio
749 505 1030 559 fragmentum,
1061 503 1170 558 quo‘d
1198 507 1289 546 sola
1311 507 1544 547 coniectura
1567 506 1708 546 ductus

164 578 425 619 Ruhnkenius
466 579 607 630 Epistt.
648 579 776 618 Tittm.
810 590 844 630 p.
878 581 944 618 21.
1007 579 1250 619 Callimacho
1295 580 1450 629 tribuit,
1497 579 1709 632 posuitque

164 654 269 693 inter
300 652 541 704 Fragmenta
572 650 803 690 Callimachi
834 650 1129 701 Blomfieldius,
1160 650 1483 691 CCCCLXXXV.
1542 651 1708 692 Suidas:

164 724 416 766 Ἀεὺιλανα·
459 725 782 777 πεπλανημένα,
817 719 1019 778 φλύαρα,
1050 720 1185 777 πλήρη
1218 723 1446 778 φλυαρίας.

850 794 1058 835 οἷειήλανα
1088 795 1235 847 χείλεα
1270 794 1405 849 γρηὸς.

165 868 207 909 Si
238 868 344 908 enim
376 878 398 906 e
431 866 674 906 Callimacho
695 897 706 917 ,
739 867 789 908 de
826 880 996 920 quanam
1040 880 1117 908 anu
1154 869 1261 920 prius
1306 867 1548 920 cogitabitur
1592 880 1711 920 quam

170 939 221 980 (le
258 939 445 979 Hecale?
503 940 634 992 Atque
678 939 781 979 haec
822 941 1019 980 sententia
1050 940 1280 980 Ruhnkenii
1323 941 1393 980 suit
1430 940 1534 979 haud
1578 940 1710 981 dubie.

167 1013 226 1053 Ne
258 1012 371 1063 quis,
404 1011 511 1062 quod
547 1011 667 1051 verba
700 1012 858 1063 quidem
901 1023 974 1063 per
1006 1023 1050 1051 se
1082 1012 1266 1065 ambigua
1312 1014 1604 1064 permitterent,
1641 1024 1710 1052 er..

168 1085 297 1123 rantia
328 1084 440 1124 labra
459 1115 468 1133 ,
503 1084 527 1127 i.
561 1095 596 1123 e.
627 1083 744 1123 senili
778 1083 1032 1134 infirmitate,
1064 1088 1105 1123 ut
1136 1084 1206 1135 fit,
1235 1085 1472 1135 trementia,
1502 1084 1710 1124 insuavem

168 1152 400 1210 imaginem,
433 1158 654 1209 excogitet,
689 1156 831 1197 Suidas
856 1158 962 1197 cavit
993 1156 1263 1208 explicatione
1293 1169 1378 1196 sua.
1421 1156 1556 1210 ltaque
1576 1168 1710 1197 sermo

170 1231 245 1269 erit
277 1230 327 1269 (le
357 1242 401 1269 se
432 1230 650 1269 monentis:
689 1229 805 1281 sutile
841 1229 973 1281 yar-rit
1008 1229 1156 1269 vetula.
1216 1230 1498 1281 Contrarium,
1539 1230 1713 1270 fortasse

171 1303 319 1342 sactum
350 1301 400 1341 ad
430 1302 731 1343 similitudinem
753 1302 997 1353 Callimachi,
1021 1303 1209 1343 Nonnus:
1240 1304 1424 1355 χείλεσιν
1443 1302 1711 1354 α’πλιινέεσσι,

170 1376 326 1428 Evang.
353 1374 493 1414 loann.
527 1374 591 1414 Ill.
627 1375 690 1414 11.
805 1374 925 1414 Aliud
975 1375 1137 1427 dignum
1180 1375 1425 1416 Callimacho
1471 1374 1711 1415 vocabulum

175 1449 521 1500 fragmentumque
567 1451 627 1486 est
675 1447 779 1499 apud
821 1447 1102 1501 Etymologuin
1146 1460 1183 1500 p.
1216 1447 1294 1499 83,
1325 1448 1392 1488 49.
1468 1446 1630 1488 Suidam
1670 1447 1712 1487 in

169 1519 423 1572 Ἀμίσγαλος
441 1550 451 1568 ,
481 1523 520 1558 et
551 1518 748 1558 Zonaram
776 1530 813 1570 p.
849 1519 938 1558 143.

842 1591 1077 1641 οἶμίσαλλοί
1100 1606 1143 1631 τε
1174 1591 1375 1643 γέροντες.
1475 1638 1477 1644 ¹

172 1667 360 1707 Fortasse
392 1677 443 1705 ex
478 1674 666 1704 sermone
696 1661 882 1703 Hecales,
955 1662 1039 1701 Etsi
1071 1661 1219 1701 Hecale
1265 1663 1351 1713 ipsa
1391 1645 1508 1713 quam
1550 1660 1712 1701 minime

172 1734 406 1792 ἇμίσαλλος
438 1737 521 1777 suit.

280 1809 609 1863 Ὑποκορισμῶν,
642 1820 742 1860 quos
768 1808 908 1860 aliquis
939 1810 1159 1860 exspectet,
1190 1805 1362 1847 Hecales
1390 1805 1538 1845 nultum
1567 1816 1713 1858 super-

172 1893 264 1922 esse
310 1882 522 1935 vestigium
571 1882 610 1921 in
649 1880 900 1934 Fragmentis
931 1877 1162 1920 Callimachi
1206 1878 1342 1919 monui
1370 1877 1528 1931 Proleg.
1571 1889 1610 1930 p.
1647 1877 1710 1917 15.

171 1954 310 2007 Neque
341 1956 380 1995 in
412 1955 583 2007 propriis
616 1953 844 1994 nominibus
875 1964 1007 2005 neque
1043 1953 1083 1992 in
1124 1952 1224 1991 aliis.
1284 1951 1459 1990 Videbar
1496 1949 1592 1989 mihi
1626 1949 1713 2002 Θη-

173 2027 332 2067 cauco»
367 2027 517 2079 legisse
552 2026 656 2078 apud
688 2026 859 2077 aliquem
888 2024 1202 2077 grammaticum.
1272 2024 1357 2063 Nisi
1389 2023 1586 2062 somnium
1620 2020 1714 2060 sue-

176 2099 252 2138 rit:
280 2110 363 2138 non
392 2100 551 2150 reperio
584 2099 691 2138 enim
721 2097 867 2137 locum.
933 2097 1039 2137 Sane
1071 2108 1149 2147 quo
1180 2095 1293 2147 pueri
1320 2096 1492 2135 maxime
1530 2093 1714 2146 puellae-

179 2181 255 2221 que
287 2170 477 2222 (Etymol.
512 2170 561 2210 M.
593 2183 630 2222 p.
656 2170 765 2220 782,
795 2168 886 2217 39.)
928 2168 1200 2216 delectantur,
1235 2179 1330 2208 usus
1372 2166 1714 2216 ὑποκοριστικιὸν,

179 2254 310 2294 neque
332 2255 449 2283 anum
474 2243 658 2293 dedecet,
689 2247 729 2282 et
750 2243 877 2296 potuit
894 2242 1077 2282 modicus
1097 2239 1256 2293 quidem
1276 2239 1437 2291 placere
1460 2238 1500 2277 in
1521 2237 1715 2277 carmine.

178 2314 352 2354 Verbum
384 2327 461 2366 quo
496 2328 544 2354 ea
584 2316 623 2355 in
652 2327 696 2355 re
727 2313 959 2354 Plutarchus
995 2313 1140 2353 utitur:
1186 2337 1240 2343 ——
1262 2309 1488 2363 εΕκαλίνην
1516 2307 1715 2360 ὑποκορι-

178 2385 366 2438 ζόμενοι,
400 2385 470 2427 διὰ
503 2386 549 2428 τὸ
582 2388 773 2440 κάκείνην
806 2386 897 2428 νέον
926 2381 1026 2426 ὄντα
1066 2384 1220 2440 κομιδῇ
1247 2381 1319 2424 τὸν
1353 2383 1497 2435 Θησέα
1527 2377 1714 2430 ξενίζου-

175 2472 254 2497 σαν
291 2455 674 2500 ἀσπάσασθαι
720 2459 1035 2511 πρεσβυτικῶς,
1073 2458 1146 2496 καί
1184 2455 1542 2511 φιλοφρονεῖσθαι
1571 2450 1715 2491 τοιού-

180 2543 277 2576 τους
334 2524 636 2583 ὑποκορισμοῖς
656 2565 665 2582 ,
737 2530 835 2569 facit
905 2534 947 2569 ut
1011 2527 1207 2569 recorder
1272 2524 1500 2578 Fragmenti
1562 2521 1711 2563 Gallim.

184 2600 470 2642 CCCCXXVII.

826 2669 1062 2718 α’σηαστύς.

180 2754 232 2782 ex
260 2742 400 2784 Suida:
425 2740 682 2787 Ἀσπαστοί·
714 2770 768 2776 --
797 2742 912 2797 παρὰ
945 2745 989 2784 δὲ
1010 2739 1280 2795 Καλλιμάχῳ
1310 2735 1543 2786 α’σπαστύς,
1574 2732 1712 2774 dona-

178 2813 318 2863 στὺος·
362 2817 574 2869 τουτέστι,
602 2818 862 2871 προσηγορία
891 2816 1026 2871 φιλία.
1092 2813 1172 2856 Sed
1216 2812 1304 2865 quis
1343 2820 1462 2850 unum
1510 2805 1711 2860 quoddam
