1856 3126
746 107 1052 146 —242—

129 226 361 269 Manethoni
391 222 646 274 ἐξανύονται.
707 225 757 266 Et
784 223 887 276 apud
919 224 1102 272 Quintum
1135 222 1265 262 hiatus
1298 221 1366 261 illo
1389 224 1537 261 tantum
1559 220 1667 272 loco,

131 312 247 353 quem
279 299 376 348 dixi,
408 301 500 338 ante
533 308 623 336 voc.
654 291 815 350 ἄγριος,
846 301 885 336 et
913 295 961 336 X.
994 294 1061 335 68.
1082 294 1156 335 69.
1180 305 1231 334 ex
1260 292 1417 334 emend.
1449 293 1666 333 Hermanni

133 371 257 423 Orph.
289 383 326 422 p.
353 370 450 410 715.
486 368 712 420 correptio,
744 368 778 408 si
815 371 929 407 rccte
972 367 1204 417 numeravi,
1243 368 1406 418 septies.
1482 365 1667 417 Nonnus,

131 443 237 496 quod
269 447 412 495 sponte
447 443 616 494 quisque
646 441 858 490 coniiciat,
889 452 1049 492 semper
1075 452 1161 480 cum
1193 419 1472 491 correptione,
1505 442 1545 478 et
1576 439 1668 491 qui-

130 516 221 556 dem
254 518 490 555 constanter
522 515 595 564 ita,
633 518 674 553 ut
706 508 729 565 ἦ
771 513 944 552 ultimam
977 512 1124 564 dactyli
1166 511 1358 564 syllabam
1395 511 1539 560 saciat,
1573 516 1614 551 ut
1642 505 1669 564 ἢ

131 589 270 639 Θέτιν,
305 582 330 640 ἢ
367 584 617 636 Γαλάτειαν,
649 579 673 637 ἢ
703 582 863 624 εὖνέτιν
892 583 1187 635 Ἐννοσιγαίου,
1272 577 1297 635 ἢ
1327 581 1487 635 Χάριν,
1524 578 1549 634 ἢ
1571 584 1667 622 Κν-

130 661 319 714 θέρειαν,
353 653 378 712 ἢ
399 652 632 712 ”Αρτεμιν,
665 652 691 709 ἢ
717 654 850 708 γάμον
873 652 1031 709 ἽΙβης,
1121 655 1281 706 (Doz'ssov
1315 656 1454 705 κῶμον
1482 648 1668 705 ἄγοντος,

132 727 159 786 ἢ
192 731 415 784 τΐμετέροιο
445 729 611 781 νομῆος.
671 728 908 768 Theocritus
931 739 1038 767 nunc
1056 739 1142 767 cum
1165 726 1288 776 hiatu,
1318 726 1402 767 XV.
1426 725 1516 766 129.
1547 724 1668 765 XXV.

135 804 225 844 170.
259 815 364 844 nunc
400 816 488 843 cum
530 801 809 853 correptione,
845 796 1071 840 XV111.30.
1099 799 1222 839 XXll.
1257 799 1316 838 11.
1377 799 1425 838 Et
1455 798 1514 838 sic
1546 797 1670 837 Calli-

131 876 320 917 machus:
349 887 438 916 cum
469 874 577 913 hiatu
609 875 648 913 in
679 874 863 914 Lavacro
895 872 985 912 Pall.
1019 871 1085 911 61.
1146 872 1272 911 altero
1300 871 1421 910 modo
1451 871 1490 910 in
1520 870 1668 922 hymno

132 950 225 989 Cer.
260 948 329 990 87.
366 949 444 988 ita:
487 943 513 999 ἢ
546 944 659 986 ἔπεσ’
688 947 731 995 ἐξ
767 944 929 995 ἵππων,
972 941 999 996 ἢ
1029 945 1072 983 ἐν
1100 938 1260 995 ’Όθρυϊ
1297 940 1452 994 ποίμνί
1481 941 1669 993 α’μιθρεῖ.

134 1021 316 1073 Denique
348 1017 620 1059 memorabilis
648 1021 708 1056 est
740 1015 965 1066 corripiens
997 1016 1037 1054 in
1068 1014 1209 1053 eadem
1242 1025 1382 1054 versus
1426 1013 1524 1053 sede
1555 1014 1670 1064 prio-

133 1104 218 1132 rem
245 1090 443 1143 »syllabam
481 1101 593 1129 suam
636 1087 685 1141 ἠέ
726 1086 933 1139 particula.
1008 1087 1066 1125 De
1113 1084 1305 1125 Nicandri
1352 1096 1473 1125 versu
1515 1085 1671 1137 Fragm.

132 1164 252 1206 XVll.
287 1175 338 1202 ex
369 1161 517 1202 Athen.
546 1160 609 1199 111.
641 1172 677 1211 p.
710 1160 778 1199 82.
810 1159 858 1198 A.
891 1158 1032 1210 αὐτίχ’
1065 1154 1122 1210 ὅγ’
1149 1152 1174 1209 ἢ
1204 1154 1425 1204 Σιδόεντος
1455 1157 1503 1210 ἠὲ
1534 1153 1674 1197 Πλεί-

134 1250 237 1277 στου
269 1231 352 1274 οἷηὸ
387 1232 543 1285 κήπων,
576 1233 649 1273 fuit
680 1244 797 1284 qtium
827 1230 1072 1281 dubitabam,
1102 1229 1382 1281 tentabamque
1412 1228 1519 1269 haud
1549 1228 1672 1268 male:

136 1306 286 1348 αὐτίκα
320 1307 357 1346 δ”
390 1301 416 1358 ἢ
449 1304 668 1351 Σιδόεντος
700 1300 727 1356 ἢ
763 1300 808 1343 ἐκ
841 1305 1057 1343 Πλείστου
1091 1297 1160 1355 ὅγε
1199 1302 1362 1355 κήπωνε
1404 1314 1512 1342 nunc
1552 1306 1672 1342 tutam

141 1379 317 1419 arbitror
348 1378 548 1430 vulgatam
581 1376 885 1427 comparatione
926 1375 1110 1414 Numenii
1143 1373 1286 1414 Athen.
1318 1374 1399 1414 Vll.
1431 1387 1470 1427 p,
1505 1374 1599 1415 295.
1629 1373 1674 1414 Β.

138 1456 179 1493 et
213 1452 308 1492 328.
334 1450 383 1491 A.
425 1448 586 1489 Maximi
617 1460 655 1488 v.
692 1447 783 1486 127.
843 1447 1007 1485 Tantum
1042 1445 1091 1485 de
1126 1439 1151 1498 ἦ
1182 1445 1374 1497 particula
1405 1447 1572 1498 eiusque
1600 1457 1675 1485 usu

139 1523 323 1565 metrico.
379 1518 440 1561 Eo
474 1520 657 1572 quidem,
690 1531 807 1571 quem
841 1519 944 1559 dixi:
993 1518 1042 1557 (le
1085 1518 1194 1557 hiatu
1237 1517 1418 1557 eiusdem
1454 1517 1674 1570 particulae

139 1598 180 1637 in
213 1596 308 1645 arsi,
339 1595 405 1647 qui
439 1605 521 1633 non
553 1597 614 1632 est
645 1604 789 1632 versus
823 1592 967 1642 hiatus,
999 1591 1095 1630 novi
1125 1589 1311 1629 Iacobsio
1342 1590 1559 1630 observata
1587 1589 1678 1629 An-

140 1668 237 1709 thol.
269 1667 391 1707 Patat.
423 1665 465 1705 T.
497 1664 561 1704 111.
596 1676 633 1716 p.
666 1664 806 1704 XXlll.
865 1664 961 1703 lllud
993 1661 1166 1715 quidem,
1197 1661 1285 1701 αἴθ’
1317 1655 1467 1716 ὄφελες
1495 1660 1677 1713 θανέειν,

139 1746 264 1782 totum
312 1738 569 1781 Homericum
617 1740 692 1775 est.
736 1732 794 1781 ὠς
839 1728 992 1788 ὄφελον
1031 1734 1202 1772 θανέειν
1245 1731 1319 1772 Od.
1353 1731 1398 1772 V.
1438 1732 1533 1773 308.
1576 1730 1687 1772 XIV..

142 1813 237 1854 274.
269 1808 360 1852 αἴθ’
392 1804 614 1863 ὄφελες-
636 1802 766 1859 ἧσθαι
796 1805 836 1845 11.
861 1802 1001 1845 [415.
1060 1804 1179 1843 Novit
1208 1808 1341 1843 tamen
1372 1804 1490 1844 etiam
1511 1795 1678 1844 alterum

143 1885 303 1926 modum
337 1880 615 1929 Callimachus,
645 1878 781 1930 Epigr.
812 1875 950 1916 XVlll.
988 1876 1021 1915 1.
1055 1870 1195 1930 ὤφελε
1231 1877 1332 1929 μηδ’
1363 1876 1545 1928 ἐγένοντο
1577 1876 1683 1916 θοαί

142 1959 246 2005 νέες.
291 1956 353 1995 cui
384 1954 512 1994 simile
545 1953 699 2003 Fragm.
736 1949 940 1988 CCCCLV.
988 1947 1123 1999 α’βάλε
1163 1950 1262 2001 ,ιιηιΥ
1299 1945 1528 2001 ἀβόλησαν.
1598 1947 1680 1989 Sed

147 2029 241 2070 illud
269 2027 375 2080 quod
404 2026 485 2066 dixi
513 2023 769 2064 Homericum
801 2021 1009 2073 admonet,
1039 2024 1079 2059 ut
1110 2024 1263 2059 erutum
1303 2032 1325 2059 a
1356 2032 1419 2059 me
1455 2019 1599 2060 dudum
1628 2031 1680 2058 ex

146 2101 289 2153 Heynii
330 2100 368 2139 in
407 2098 447 2138 ll.
484 2096 623 2136 XXIV.
657 2093 749 2134 954.
780 2093 1065 2132 observatione
1106 2104 1265 2131 versum
1301 2091 1531 2133 Callimachi
1560 2102 1681 2131 mon-

148 2178 291 2224 strem,
323 2172 389 2223 qui
419 2181 525 2209 nunc
558 2169 678 2207 etiam
713 2166 816 2218 apud
847 2164 1071 2204 Bekkerum
1103 2169 1253 2204 exstat:

316 2242 371 2295 μιν]
408 2242 581 2296 ὠφέλετ’
613 2235 858 2290 ἇλλήλοισιν
887 2238 958 2277 &ni
986 2237 1108 2276 πλέον
1140 2231 1312 2287 ὄμματα
1349 2234 1490 2275 δῦναι.

150 2318 222 2369 sic,
253 2316 310 2368 μή
343 2314 536 2368 ὠφέλετ’,
564 2310 669 2351 haud
701 2310 841 2360 (lubic,
872 2321 952 2348 non
982 2305 1040 2361 μὴ
1072 2307 1249 2363 ο’φὲλετ’.
1276 2312 1317 2346 ut
1348 2310 1409 2346 est
1437 2305 1610 2360 ὠφέλετ’
1640 2306 1681 2345 in

150 2390 242 2429 loco
281 2386 519 2426 Homerico:
562 2381 652 2423 αἴθ’
682 2378 772 2431 ἅμα
805 2380 953 2427 πάντες
1029 2375 1222 2432 (Έκτορος
1252 2377 1423 2433 ὠφέλετ’
1456 2375 1549 2418 ἀντὶ
1577 2379 1682 2432 θοῇς

152 2460 224 2501 ἐπὶ
252 2457 379 2511 νηυσί
406 2454 641 2508 πεφάσθαι.
700 2452 917 2504 Synizesis,
947 2452 1058 2491 cuius
1087 2452 1120 2490 si
1151 2450 1295 2490 nullum
1326 2449 1432 2489 aliud
1461 2448 1682 2500 exemplum

155 2531 259 2584 apud
291 2526 570 2570 Callimachum
606 2532 720 2574 (nam
754 2525 791 2562 in
824 2523 860 2562 h.
893 2524 1010 2564 Dian.
1041 2522 1078 2564 4.
1112 2528 1151 2563 et
1181 2524 1220 2562 in
1251 2522 1406 2574 Fragm.
1440 2520 1572 2561 CXIII.
1602 2532 1683 2560 non

157 2600 387 2654 ἀρχόμενοι
419 2598 475 2646 ὡς
507 2610 593 2637 cum
625 2597 816 2649 synizesi,
851 2596 922 2636 sed
957 2591 1161 2647 ἄρχμενοι
1192 2594 1408 2647 legendum
1438 2598 1543 2644 est),
1572 2597 1684 2632 certe

156 2673 236 2712 hoc
264 2677 348 2722 est,
374 2668 431 2723 μὴ
464 2666 563 2721 ου’κ,
593 2670 632 2709 in
662 2669 756 2709 LaV.
786 2669 823 2708 P.
855 2669 922 2707 52.
983 2667 1096 2707 Unde
1129 2671 1258 2707 autem
1303 2666 1480 2706 versus?
1535 2665 1600 2705 An
1632 2676 1684 2704 ex

159 2748 394 2797 argtunento
428 2741 657 2782 amatorio?
715 2739 1002 2791 Comparabam
1032 2737 1205 2778 Paullum
1225 2738 1493 2779 Silentiarium
1513 2735 1584 2786 Ep.
1602 2734 1681 2775 vlt.

159 2815 299 2866 (Anth.
329 2814 407 2854 Pal.
439 2815 464 2854 l.
493 2826 530 2865 p.
568 2812 683 2864 161.)
715 2813 756 2852 4.
792 2809 948 2864 ἱέμενοι
980 2808 1269 2864 δὲ-οἰλλὴλων
1297 2806 1477 2861 δύμεναι
1511 2806 1552 2854 ἐς
1581 2821 1683 2861 κρα-
