1856 3126
753 141 1058 179 ——147—

132 261 336 313 intelligo,
367 261 474 300 unde
505 260 580 300 sihi
626 260 871 311 persuaserit
915 259 1198 309 Buttmannus‚
1241 259 1415 306 αἰτίζειν
1456 256 1602 308 ubique
1633 260 1673 295 et

133 333 370 372 necessario
402 332 635 371 mendicare
667 344 771 372 esse.
832 332 930 371 Nam
958 333 1009 370 ita
1047 331 1233 382 disputat,
1267 329 1456 369 αι’τοῐσιν
1485 329 1672 368 scriben-

134 404 224 443 dum
255 415 363 453 esse,
393 415 474 443 non
506 402 753 455 αἰτίζουσιν,
784 406 874 456 quia
904 403 1088 443 homines
1122 402 1297 453 operarii
1328 401 1457 439 cibum
1492 401 1566 439 sihi
1599 400 1675 439 de-

131 475 252 514 bitum
282 487 362 514 non
384 475 620 525 mendicent,
653 477 724 515 sed
751 480 939 527 poscant.
1000 475 1047 514 Ut
1079 486 1201 525 saepe
1231 474 1280 512 de
1305 473 1574 512 mendicando
1607 472 1673 511 di-

132 550 245 586 catur
274 545 478 596 αἰτίζειν,
510 551 548 586 et
580 559 680 586 sane
712 548 856 587 dieitur
896 551 972 586 tam
1013 546 1062 584 ah
1099 545 1275 584 Homero
1319 556 1433 595 quam
1481 545 1529 583 ab
1571 545 1672 585 aliis,

131 623 248 670 atque
282 619 369 669 ipso
402 617 646 656 Callimacho
682 618 718 656 h.
752 618 840 657 Cer.
879 617 969 656 116.
1018 621 1149 655 tamen
1190 627 1271 653 non
1318 627 1503 666 semper,
1543 627 1672 666 neque

129 690 380 729 necessario.
441 689 621 728 Vidimus
653 689 784 740 paullo
822 693 914 728 ante
949 687 1253 736 αἰιοιιτίζουσαι
1299 687 1352 726 cs.
1386 687 1423 726 h.
1455 688 1570 726 Dian.
1603 688 1670 726 32.

129 762 178 801 Et
207 766 299 814 post
330 761 613 801 Callin‘iachum
644 762 844 811 αἰτίζειν,
876 761 1142 809 ἀπαιτίζειν,
1172 764 1335 809 petere,
1365 771 1551 808 poscere,
1590 759 1674 797 sre-

129 838 292 886 quentat
321 834 486 874 Nonnus
518 834 563 872 II.
596 834 689 872 545.
722 832 818 872 VIII.
849 832 943 872 339.
974 832 1068 872 348.
1100 831 1194 871 366.
1226 831 1313 871 XX.
1348 831 1386 870 7.
1420 831 1556 870 XXIV.
1581 833 1672 870 911.

127 906 222 946 302.
255 905 361 945 alibi.
421 904 465 944 τὸ
501 904 660 944 δείελον
688 916 760 956 pro
792 906 933 959 τροφῇ
972 904 1129 958 δειλινῇ
1163 905 1227 955 qui
1267 903 1436 952 dixerit,
1472 903 1672 941 neminem

126 978 259 1017 habeo
290 983 452 1030 praeter
484 976 778 1016 Callimachum.
839 978 891 1015 At
925 988 999 1015 nec
1030 976 1314 1025 Buttmannus,
1343 980 1459 1027 puto,
1484 974 1673 1021 habebat,

128 1061 206 1102 quo
237 1062 349 1090 suam
383 1048 564 1101 δειελίην
605 1047 900 1096 communiret,
933 1048 1010 1086 nisi
1040 1048 1207 1086 Dammii
1243 1048 1507 1095 auctoritate,
1553 1051 1591 1086 et
1622 1058 1672 1085 ex

127 1122 460 1174 interpretatione
492 1120 605 1158 verbi
637 1120 838 1158 Homerici
871 1119 1123 1171 δειελιήσας.
1181 1119 1224 1158 ln
1256 1131 1444 1158 sermone
1477 1119 1572 1159 nihil
1608 1121 1673 1158 iu-

127 1199 214 1244 est,
258 1206 329 1233 cur
374 1205 542 1233 coenam
588 1193 857 1243 vespertinam
901 1194 1059 1231 δείελον
1105 1192 1336 1243 siguificare
1379 1197 1564 1244 nequeat.
1612 1202 1676 1236 est

126 1268 231 1306 enim
263 1265 422 1306 δείελον
461 1265 727 1304 adieetivuin:
778 1269 818 1303 ut
862 1264 1019 1304 δείελον
1057 1258 1171 1315 ἦμαρ
1216 1265 1416 1304 Theocrit.
1451 1264 1571 1303 XXV.
1603 1263 1670 1303 86.

126 1338 286 1378 δείελον
319 1333 434 1389 ὥρην
464 1337 594 1389 Apoll.
628 1337 758 1377 Rhod.
790 1337 854 1375 Ill.
882 1334 976 1375 417.
1018 1336 1182 1376 Nomius
1204 1336 1286 1376 VII.
1321 1335 1414 1376 284.
1447 1341 1485 1375 et
1513 1336 1668 1388 Evang.

124 1410 182 1450 Io.
213 1409 318 1450 XIX.
350 1410 416 1450 31.
464 1411 624 1450 δειέλον
656 1409 765 1463 φοίος
796 1409 981 1461 Orpheus
1010 1410 1110 1461 Arg.
1144 1409 1261 1449 1124.
1290 1410 1455 1459 (1151.)
1489 1410 1670 1451 ‹·t',A1·a-

124 1488 186 1522 tus
224 1483 315 1523 118.
346 1481 441 1523 826.
473 1482 587 1532 (94.)
643 1481 838 1522 Maximus
872 1482 966 1521 329.
1025 1481 1190 1520 Nomius
1219 1480 1334 1520 XLII.
1370 1479 1460 1519 165.
1514 1480 1667 1532 Evang.

122 1554 179 1594 Io.
207 1553 311 1593 XIX.
343 1553 411 1593 38.
468 1554 557 1594 Non
587 1554 731 1593 tacebo
763 1558 896 1593 tamen
930 1552 1265 1604 explicationem,
1298 1564 1398 1603 quae
1424 1552 1482 1591 'ad
1513 1564 1668 1592 manum

122 1630 197 1676 est,
228 1625 407 1666 alteram.
469 1626 572 1674 Quid
604 1627 637 1665 si
668 1626 828 1665 δείελον
857 1624 1122 1664 Callimachus
1151 1636 1367 1674 vesperam
1397 1624 1563 1673 dixerit,
1592 1625 1669 1663 ad-

120 1700 253 1738 iuncta
284 1699 450 1738 notione
473 1698 638 1737 finiendi
664 1709 712 1736 eo
747 1702 926 1749 tempore
948 1698 1115 1749 operis?
1161 1697 1422 1737 Germanice:
1455 1698 1518 1737 dic
1543 1698 1668 1737 seier-

117 1771 250 1811 abend
282 1771 517 1823 verlangen.
576 1771 665 1822 Ipse
695 1782 814 1809 unmn
856 1769 951 1808 mihi
983 1770 1133 1821 sumpsi
1167 1774 1285 1821 atque
1326 1781 1447 1809 ausus
1480 1781 1593 1822 sum,
1629 1775 1668 1809 ut

117 1841 353 1892 αἰτίζουσιν
384 1847 426 1882 et
456 1837 607 1895 ἄγουσι
639 1854 712 1894 pro
746 1842 963 1893 participiis
995 1841 1181 1891 habeam,
1214 1853 1331 1892 quum
1364 1843 1428 1894 qui
1458 1842 1667 1894 proferunt

117 1928 167 1955 ea
197 1915 334 1965 verba,
366 1915 481 1954 aliter
513 1916 724 1967 accepisse
769 1916 994 1954 videantur.
1055 1914 1189 1954 Schol.
1223 1915 1335 1954 Hom.
1367 1915 1391 1954 I.
1424 1915 1448 1954 1.
1475 1940 1528 1945 —
1561 1912 1664 1954 ἔνιοι

117 1987 164 2028 δὲ
192 1986 474 2039 (δειελιήσας)
495 1985 569 2039 τήν
587 1984 772 2039 δειλιιίᾗν
793 1985 956 2041 τροφήν
979 1987 1124 2026 αἰτῶν.
1156 1989 1230 2027 καί
1247 1987 1528 2040 Καλλιζιιαχός
1546 2003 1664 2041 φησι,

118 2061 278 2100 δείελον
309 2058 573 2110 αἴτι’ζουσιν,
605 2053 754 2110 ἄγουσι
788 2059 834 2098 δὲ
875 2063 1023 2111 χεῖρας
1063 2058 1135 2097 a’n'
1164 2057 1315 2112 ἔργον,
1345 2058 1420 2112 τὴν
1464 2057 1568 2113 πρὸς
1612 2062 1665 2115 τῇ

117 2131 279 2185 δειλινῇ
307 2128 472 2184 τροφὴν
504 2132 731 2178 αἰτοῦντες.
763 2132 828 2171 vel
859 2132 1093 2184 ζητοῦντες,
1127 2136 1168 2171 ut
1196 2137 1259 2172 est
1293 2133 1394 2185 apud
1428 2132 1661 2173 Bentlcium.

116 2207 158 2242 et
188 2203 246 2243 sic
267 2201 498 2243 Eustathius
530 2204 722 2256 appositis
751 2217 773 2244 a
804 2217 848 2245 se
874 2205 1009 2245 verbis
1031 2205 1261 2245 Callimachi
1287 2206 1418 2245 addit:
1452 2202 1526 2256 τήν
1554 2202 1662 2257 πρὸς

117 2275 258 2327 δείλην
291 2272 452 2327 δηλαδή
485 2273 648 2329 τροφὴν
682 2277 907 2324 αἰτοῦντες.
971 2278 1051 2318 Sed
1096 2278 1212 2317 l'acile
1254 2277 1509 2329 intelligitur,
1555 2287 1660 2314 con-

117 2347 376 2386 structionem
433 2348 649 2387 verborum
703 2348 932 2388 Callimachi
989 2349 1220 2402 neglexisse
1276 2349 1351 2388 hos
1407 2349 1658 2388 recentiores

117 2419 404 2472 grammaticos
436 2431 485 2459 eo
516 2422 555 2459 in
586 2420 703 2470 loco,
732 2433 847 2473 quem
879 2433 962 2461 non
1000 2422 1075 2474 ipsi
1118 2434 1169 2460 ex
1209 2422 1384 2460 carmine
1427 2419 1657 2459 Callimachi

117 2493 332 2539 eruissent,
365 2491 438 2532 sed
467 2494 719 2544 accepissent
749 2493 797 2532 ab
829 2493 907 2533 alio
938 2493 1179 2546 adscriptum
1208 2493 1431 2545 antiquiore
1451 2504 1657 2544 grannna-

116 2563 213 2603 tieo.
271 2563 311 2603 Si
340 2568 472 2603 tamen
502 2564 610 2604 malit
638 2564 806 2616 aliquis,
840 2569 985 2604 statuat
1013 2578 1173 2605 versum
1213 2566 1469 2605 intercidisse
1511 2563 1654 2603 huius-

115 2634 251 2675 modi:
282 2647 360 2686 quo
395 2638 573 2685 tempore
599 2636 702 2687 fessi
739 2636 885 2675 diurno
929 2636 1070 2675 labore
1115 2638 1273 2676 δείελον
1309 2637 1542 2685 αἰτίζουσιν
1586 2641 1650 2675 ete

115 2704 208 2745 Mihi
238 2705 359 2745 dativi
390 2706 444 2745 illi
476 2706 646 2758 placent.
706 2708 754 2746 Et
783 2712 873 2746 sunt
907 2708 1066 2747 minime
1103 2709 1292 2747 inusitati.
1354 2708 1400 2747 Ut
1442 2708 1545 2759 apud
1580 2708 1653 2748 Ni-

117 2777 308 2818 candrum
338 2777 431 2819 loco
461 2790 555 2817 mox
584 2778 810 2818 laudando:
844 2778 1041 2831 κεχρηόσι
1076 2780 1230 2832 δαίτης.
1289 2779 1395 2818 ldem
1428 2779 1583 2832 Fragm.
1604 2779 1654 2818 X.

116 2860 169 2890 ex
198 2849 342 2891 Athen.
374 2850 441 2892 lib.
472 2851 535 2892 Ill.
556 2851 638 2890 inii.
668 2848 846 2905 κιβώρια
875 2851 1189 2904 δαινυμένοισιν
1234 2851 1276 2898 ἐς
1309 2852 1440 2905 χέρας
1471 2852 1656 2906 η’ϊθέοισι
