1856 3126
801 139 855 175 ss-
895 121 996 159 ‘218
1054 139 1107 147 -

186 237 243 276 ris
274 235 425 283 doctis,
455 231 751 286 Iungermanno
782 234 833 274 ad
862 234 1084 284 Pollucem,
1122 233 1222 274 aliis.
1289 233 1369 274 Sed
1407 234 1578 274 maxime
1619 233 1720 287 Ety-

183 307 361 358 mologo,
389 308 554 358 propter
590 311 808 356 auctorem,
840 318 955 359 quem
987 306 1136 357 laudat,
1168 305 1436 346 Heraclidem.
1495 306 1625 358 Atque
1655 306 1715 347 sic

184 378 367 430 δανάκην
396 377 498 418 haud
529 379 646 419 dubie
675 378 949 429 accipiendum
980 378 1019 417 in
1050 389 1169 418 versu
1198 377 1442 427 Callimachi,
1477 389 1498 416 a
1528 377 1717 417 nomina-

183 450 264 488 tivo
293 449 485 501 δάνάκης.
547 450 689 489 Verum
720 445 904 502 ‹Java'myv
937 450 975 488 in
1007 461 1126 489 versu
1147 449 1376 489 Callimachi
1405 460 1522 501 quum
1555 450 1639 500 ‘per
1669 460 1715 488 sc

183 520 405 572 ambiguum
437 526 556 569 esset,
588 521 679 560 inde
709 532 780 572 per
808 532 986 559 errorem
1019 519 1244 572 llesyehio,
1275 520 1423 560 Suidae
1466 519 1570 559 binis
1599 519 1716 569 locis,

185 591 380 641 Zonarae,
413 592 610 632 Favorino
641 602 798 644 quoque
817 621 828 640 ,
858 596 988 630 natam
1020 592 1187 630 sormam
1220 597 1335 643 pulo,
1366 603 1448 631 non
1487 591 1718 644 approban-

185 662 273 701 dam
303 661 481 712 aliunde,
520 662 689 715 ὀάνοίκη.
750 662 969 714 Cognatum
1002 659 1278 714 ἦμιδαγάκιον
1312 674 1373 714 ap.
1395 663 1647 714 hesychium.
1679 666 1718 702 et

184 733 359 773 sortasse
392 732 560 773 δαιικόν
589 735 750 784 Suidae,
781 734 885 786 quod
917 738 954 772 et
986 734 1110 785 ipsum
1139 733 1341 774 Persicum
1370 734 1552 773 Lasseno
1581 738 1712 774 sonat.

295 807 486 858 Superest
518 810 558 845 ut
589 805 803 856 declarem,
834 817 910 856 qua
942 805 991 845 de
1015 817 1156 845 caussa
1180 804 1244 845 hic
1275 805 1615 857 pertractandum,
1645 806 1714 846 ubi

187 876 237 916 de
269 877 419 916 Hecale
451 878 594 929 agitur,
626 877 704 916 hoc
732 877 1010 929 Fragmentum
1043 876 1121 916 CX.
1153 877 1246 917 mihi
1283 877 1531 929 sumpserim.
1589 875 1716 929 Igitur

185 949 343 1000 estqui
387 948 479 987 illud
524 949 563 987 in
595 949 743 988 Hecale
790 948 913 987 luisse
958 948 1106 986 diserte
1146 952 1340 998 testatur,
1383 947 1532 988 Natalis
1565 947 1714 988 Comes

184 1019 344 1071 lllylliol.
377 1019 461 1058 Lib.
495 1019 557 1058 lll.
589 1019 680 1070 Cap.
701 1021 740 1061 ⁴1.
774 1031 809 1070 p.
838 1019 925 1058 131.
958 1017 1019 1056 ed.
1054 1017 1151 1056 Ven.
1187 1019 1304 1058 1551.
1334 1019 1401 1057 ubi
1428 1019 1592 1070 prolatis
1621 1019 1705 1058 Lu-

183 1091 287 1129 ciani
319 1091 479 1141 verbis,
522 1102 624 1141 quae
654 1095 744 1129 sunt
776 1091 814 1128 in
853 1089 954 1128 libro
997 1088 1045 1127 de
1081 1088 1272 1128 Luctue.
1306 1090 1366 1129 10.
1399 1085 1508 1128 ὥστε
1543 1088 1717 1130 ἐπειδάν

180 1176 243 1207 τις
272 1159 464 1217 ἀποθάνῃ
498 1187 551 1192 --
578 1159 864 1214 γενησόμενον,
894 1162 1048 1213 pergit:
1081 1159 1116 1198 is
1136 1164 1268 1199 (tutem
1295 1145 1518 1199 nummulus
1540 1161 1710 1200 Danace

181 1244 207 1272 a
240 1233 410 1272 Graecis
444 1232 679 1284 dicebatur,
719 1231 838 1271 sicuti
869 1235 1040 1271 testatur
1073 1231 1343 1270 Callimachus
1371 1230 1434 1269 leis
1467 1230 1715 1270 carminibus

180 1305 222 1344 in
247 1305 423 1344 Hecate.-
451 1299 623 1345 τοῦνεκα
649 1305 722 1344 καί
750 1303 892 1351 νέκυες
923 1301 1163 1356 πορθμήϊον
1184 1297 1273 1343 oiim
1296 1303 1510 1355 ᾳέρονται,
1567 1302 1715 1352 μοῦνοι

181 1376 430 1416 &nmmum
461 1372 520 1416 ὅτι
549 1373 606 1429 μὴ
639 1377 904 1427 θυμιασέμεν
935 1374 1090 1422 αυίοΐς.
1149 1371 1276 1415 Ἀλλά
1305 1378 1434 1419 κενοῖς
1458 1371 1710 1424 στομάτεσσι

181 1446 284 1494 νεώς
323 1446 581 1499 ἀχερουσιὰς
605 1445 701 1488 ἴσαν
771 1448 960 1500 βάθρον,
991 1448 1061 1487 καὶ
1097 1443 1279 1499 (lavatum
1319 1442 1556 1484 ἐπιὸεύεται
1592 1438 1709 1492 οἴης

184 1514 335 1558 α’πιωίκ
398 1519 508 1559 Haec
537 1518 615 1558 ille.
676 1518 823 1558 Omitto
856 1529 1023 1568 versus,
1054 1517 1194 1569 quibus
1223 1526 1396 1568 graecos
1427 1515 1475 1554 ab
1503 1527 1548 1555 se
1579 1514 1709 1555 factos

184 1589 318 1629 reddit
347 1594 466 1642 atque
500 1589 698 1642 explicat,
729 1602 821 1629 nam
852 1601 950 1630 sane
982 1601 1080 1641 opus
1111 1593 1196 1628 erat
1224 1587 1515 1640 explicatione,
1549 1587 1707 1630 latinos.

182 1661 226 1700 ln
256 1674 375 1701 versu
408 1663 444 1702 9.
477 1662 634 1702 videtur
662 1662 721 1702 sic
749 1661 950 1712 voluisse,
982 1656 1262 1710 θυμιάσομεν.
1305 1660 1423 1698 vertit
1451 1659 1584 1699 enim:
1626 1658 1710 1698 nisi

182 1745 307 1772 sacra
335 1734 517 1785 feramus
545 1745 644 1784 nos,
679 1737 717 1772 et
742 1732 914 1784 suffitus.
972 1732 1008 1771 A
1038 1731 1177 1772 Natale
1208 1730 1414 1783 profectos
1444 1742 1536 1771 esse
1565 1742 1706 1771 versus

182 1804 282 1844 istos
313 1816 393 1845 non
423 1816 565 1846 versus
596 1805 661 1845 vel
691 1816 790 1857 puer
818 1804 963 1844 sentiat
993 1803 1210 1855 prosodiae
1238 1814 1417 1855 graecae
1445 1802 1705 1844 mediocriter

181 1885 344 1926 gnarus.
403 1875 451 1915 Ut
491 1875 671 1915 nesciam
703 1874 795 1926 quid
824 1874 1063 1926 Spanhemio
1099 1875 1316 1925 acciderit,
1352 1875 1416 1926 qui
1449 1875 1526 1915 illis
1557 1875 1705 1927 aliquid

182 1945 357 1985 tribuere
387 1947 479 1986 fidei
512 1947 682 1996 videtur,
714 1947 752 1985 in
775 1945 930 1998 Fragm.
955 1945 1103 1984 Callim.
1124 1957 1158 1996 p.
1180 1944 1272 1986 274.
1293 1950 1331 1985 et
1353 1946 1448 1986 278.
1475 1946 1537 1990 ed,
1559 1947 1702 1986 Graev.

184 2021 242 2068 (p.
263 2016 356 2057 384.
380 2017 473 2058 388.
495 2018 608 2066 ΕΓΗ.)
668 2017 809 2058 Sciens
842 2021 986 2065 autem,
1017 2016 1055 2054 ni
1088 2016 1225 2067 fallor,
1255 2017 1406 2058 Natalis
1437 2018 1563 2057 intulit
1593 2018 1703 2067 vitia,

177 2079 457 2137 Ἀχερουσίας
491 2087 604 2126 brevi
635 2087 780 2139 ultima,
813 2100 884 2139 pro
916 2099 993 2139 quo
1026 2087 1258 2140 Sylburgius
1289 2089 1326 2128 in
1357 2088 1468 2128 Notis
1498 2089 1547 2128 ad
1577 2089 1704 2128 Nata-

183 2158 230 2197 lis
274 2158 583 2211 Mythologiam,
627 2164 766 2199 contra
801 2165 973 2199 mentem
1009 2160 1156 2200 Natalis
1190 2160 1379 2209 Comitis,
1405 2159 1705 2212 Ἀχερουσίδος

181 2230 387 2281 proponit,-
424 2234 462 2268 et
487 2227 598 2283 ἴσαν,
633 2236 672 2270 et
703 2231 853 2271 ἀπιών.
912 2231 961 2271 Ut
992 2233 1050 2272 sic
1082 2237 1299 2284 conceptus
1338 2232 1452 2271 locus
1492 2243 1515 2270 e
1558 2229 1702 2271 codice

182 2305 333 2350 vetere,
362 2306 564 2353 corrupto,
588 2302 810 2354 descriptus
841 2303 1056 2343 videretur.
1118 2304 1228 2350 Quos
1247 2303 1393 2356 passim
1415 2314 1556 2342 versus
1577 2313 1703 2354 grae-

182 2380 254 2409 cos
275 2371 323 2410 ab
353 2383 396 2410 sc
419 2372 547 2412 factos
568 2378 762 2425 tamquam
786 2385 880 2413 suos
900 2374 1050 2422 inserit,
1071 2385 1106 2424 p.
1130 2373 1216 2413 119.
1237 2386 1295 2426 sq.
1318 2372 1517 2414 181439.
1535 2369 1627 2412 543.
1641 2383 1702 2424 sq.

181 2452 262 2480 non
296 2442 350 2481 ita
381 2442 834 2495 imperitumprosodiae
866 2445 1092 2485 ostendunt.
1149 2446 1428 2496 θυιιιιασέμεν,
1460 2444 1521 2483 vel
1542 2442 1702 2494 θυμιά-

183 2528 325 2564 σομεν,
358 2515 482 2565 prima
513 2515 640 2565 brevi,
668 2528 782 2556 error
802 2527 884 2556 non
914 2516 1183 2556 voluntarius:
1217 2516 1372 2556 scilicet
1390 2516 1441 2555 ita
1461 2515 1538 2554 sibi
1559 2525 1701 2554 emen-

184 2584 302 2623 dasse
335 2586 444 2625 visus
475 2590 547 2637 est,
576 2587 682 2639 quod
710 2588 871 2640 legebat
901 2588 1004 2640 apud
1035 2586 1338 2640 Etymologum‚
1373 2587 1696 2639 θυμιονησέμει·.

181 2654 257 2703 At,
288 2657 467 2708 inquies,
499 2670 579 2698 non
609 2670 768 2712 semper
797 2664 836 2700 ct
866 2672 938 2712 per
969 2661 1099 2700 onmia
1133 2658 1366 2698 mendacem
1397 2669 1488 2697 csse
1531 2658 1698 2708 oportet,

184 2726 247 2777 qui
277 2738 355 2765 uno
390 2729 427 2766 in
459 2730 668 2771 mendacio
697 2730 971 2783 deprehensus
1001 2731 1129 2770 suerit.
1203 2728 1478 2770 Condonanda
1507 2727 1581 2766 crit
1611 2725 1698 2766 Na·-

184 2796 250 2836 tali
283 2796 390 2836 l'raus
421 2798 524 2839 sueta
556 2801 595 2840 in
635 2802 842 2852 versibus3
888 2801 995 2853 quod
1033 2801 1138 2841 idcm
1170 2800 1218 2840 de
1261 2799 1436 2839 carmine
1476 2796 1621 2844 tradit,
1657 2796 1697 2836 in
