1856 3126
752 135 1058 173 —233—

141 253 319 304 gravior.
377 251 443 292 Sic
463 250 658 291 Theseum
692 251 840 302 aliquot
870 251 956 291 dies
988 250 1178 300 abfuisse,
1209 252 1417 302 postquam
1444 247 1671 300 reliquisset

141 323 342 374 Hecalen,
375 327 612 376 occupatum
643 324 680 362 in
714 328 851 373 tauro,
882 327 924 362 ut
960 335 1048 363 eum
1082 322 1371 374 investigaret,
1404 320 1672 371 idoneamque

133 394 408 449 'aggrediendi
439 395 772 447 opportunitatem
815 398 1022 446 captaret,
1051 392 1227 433 Hecalen
1268 404 1367 431 vero
1413 403 1493 430 non
1539 390 1671 430 statim

141 467 268 520 primo
303 466 367 506 dic
407 466 585 518 primave
620 471 765 516 nocte,
799 470 1009 518 postquam
1040 465 1205 505 abiisset
1233 464 1438 515 Theseus,
1478 468 1672 503 mortuam

142 552 256 590 esse,
297 538 369 579 sed
410 538 608 590 paullatim
655 542 929 589 consumptam
963 550 1088 587 cura,
1121 548 1333 586 moerore,
1376 536 1605 584 anxietate,
1635 538 1675 574 et

144 616 304 664 practer
331 611 410 650 hoc
453 623 619 664 gravem
653 612 790 662 annis,
820 615 910 663 post
941 610 1091 661 aliquot
1133 608 1219 648 dies
1261 607 1490 647 decessisse
1528 610 1673 646 statuo.

144 685 244 724 Ilinc
272 684 477 737 aptissime
510 694 593 723 nox
621 695 699 722 una
730 683 979 722 concedetur
1007 682 1163 721 Theseo
1195 692 1338 720 secure
1368 679 1601 732 peragenda
1634 679 1674 718 in

146 753 265 794 domo
297 753 492 806 hospitae.
553 753 600 793 Et
621 753 805 793 Herculis
827 763 986 804 quoque
1018 751 1118 803 apud
1137 751 1386 791 Molorchum
1410 751 1675 791 commoratio

146 825 184 865 in
219 830 383 866 noctem
412 825 608 877 producta
635 823 728 874 fuit,
759 828 797 863 et
836 834 908 875 per
939 825 1119 873 noctem,
1155 822 1284 862 Probo
1319 826 1513 874 testante,
1543 826 1584 862 ut
1615 825 1678 860 est

144 897 262 937 Probi
292 898 563 937 testimonium
596 908 617 935 a
648 907 710 935 me
739 907 857 948 supra
889 895 1130 947 explicatum
1160 906 1208 934 ac
1231 894 1450 947 suppletum
1488 906 1539 933 ex
1559 894 1680 932 Pom-

144 970 268 1021 ponio
300 969 464 1011 Sabino.
524 969 762 1022 Fragmenta
795 972 941 1020 poetae
973 979 1075 1019 quae
1101 967 1178 1006 huc
1209 966 1383 1006 referam
1407 965 1510 1006 nulla
1533 965 1678 1004 habeo.

145 1041 389 1094 Suspicabar
420 1041 566 1094 aliquid
597 1040 645 1080 de
676 1052 810 1090 versu,
843 1041 908 1093 qui
945 1045 1005 1079 est
1033 1040 1136 1091 apud
1161 1038 1324 1079 Suidam
1354 1039 1393 1078 in
1426 1050 1461 1076 V.
1500 1035 1679 1076 Κλισίαε

149 1136 198 1143 ——
231 1114 402 1164 λέξομαι
437 1115 480 1154 ἐν
509 1111 708 1168 μυχάτῳ·
741 1114 879 1166 κλισιί]
911 1112 956 1151 δέ
978 1111 1057 1162 μοι’
1083 1110 1193 1150 ἐστιν
1225 1106 1387 1164 ἑτοίμη.
1447 1110 1527 1149 Sed
1560 1120 1683 1160 prae-

148 1190 210 1225 ter
241 1173 543 1238 exquisitiorem
573 1186 687 1225 vocis
723 1182 861 1237 κλισιή
897 1184 1257 1237 significationem,
1288 1193 1368 1221 non
1410 1182 1682 1234 percipiebam

147 1269 199 1297 ex
230 1269 280 1297 eo
313 1257 407 1297 illud
434 1257 677 1297 Callimacho
708 1257 922 1310 proprium.
981 1256 1030 1295 Et
1059 1267 1164 1294 nunc
1191 1254 1452 1307 probabiliter
1483 1254 1528 1294 G.
1551 1254 1684 1293 Bern-

147 1329 276 1382 hardy
306 1341 466 1369 versum
498 1329 547 1369 ad
584 1329 755 1369 fabulam
789 1329 928 1379 refert,
961 1329 1073 1368 cuius
1102 1332 1183 1367 tres
1213 1338 1356 1366 versus
1387 1326 1488 1378 apud
1513 1326 1684 1365 cundem

147 1404 306 1444 Suidam
339 1415 376 1442 v.
406 1401 637 1456 Ἓταιρειά.
670 1400 726 1440 Cf.
760 1400 894 1439 Babrii
925 1399 1049 1439 Fabb.
1087 1398 1150 1438 ed.
1184 1397 1339 1438 Knoell.
1366 1409 1402 1449 p.
1421 1397 1518 1437 203.
1579 1396 1687 1436 Cae-

147 1481 274 1516 terum
306 1475 496 1515 admonet
524 1475 636 1514 locus
669 1474 767 1523 iste,
800 1473 864 1512 ubi
893 1472 1082 1513 Theseus,
1113 1471 1300 1511 cubuisse
1345 1469 1575 1510 censendus
1618 1470 1682 1508 sit.

147 1548 311 1590 Scilicet
352 1548 392 1587 in
428 1546 559 1597 lecto,
597 1557 712 1597 quem
756 1545 906 1584 Hecale
942 1548 1155 1596 paraverat
1184 1543 1449 1593 subitarium,
1488 1542 1528 1581 in
1570 1545 1684 1594 parte

152 1631 275 1660 casae
310 1620 537 1668 anteriore3
577 1619 660 1670 ipsa
701 1629 774 1657 suo
810 1621 1007 1657 consueto
1045 1617 1136 1656 loco
1181 1615 1378 1665 cubabat,
1409 1615 1453 1654 ἐν
1486 1613 1681 1670 μυχάτῳ,

152 1691 216 1732 vel
244 1691 384 1746 μυχῷ.
443 1690 530 1730 Mos
562 1690 819 1730 Homericus:
850 1689 889 1728 ll.
922 1688 987 1728 lX.
1018 1687 1113 1728 658.
1147 1700 1208 1740 sq.
1242 1693 1280 1728 ct
1311 1687 1406 1728 663.

884 1910 963 1949 Vll.

268 2049 309 2090 Si
339 2053 450 2089 recte
480 2049 729 2090 coniecimus
760 2050 879 2089 etiam
911 2050 950 2087 in
981 2052 1141 2088 noctem
1171 2046 1367 2086 Theseum
1400 2045 1574 2097 hospitio
1606 2044 1691 2084 He-

157 2121 266 2161 cales
296 2133 409 2161 usum
443 2133 564 2172 csse,
606 2121 858 2174 splendidum
888 2121 1003 2161 huius
1047 2119 1202 2173 septimi
1247 2118 1412 2170 capitis,
1459 2118 1522 2157 vel
1567 2117 1692 2169 partis

157 2194 362 2246 septimae,
391 2193 544 2234 initium
574 2199 754 2246 paratum
781 2199 855 2234 est.
915 2195 1195 2247 Fragmentum
1226 2196 1288 2231 est
1317 2189 1690 2230 Callimachiccvl.

158 2266 235 2306 hac
265 2267 420 2318 specie,
449 2270 492 2305 ut
522 2265 628 2305 illico
659 2266 785 2305 cuivis
816 2266 867 2306 ad
898 2265 1124 2318 longiorem
1155 2264 1428 2304 narrationem
1452 2266 1500 2300 et
1527 2273 1690 2300 carmen

157 2338 358 2389 pertinere
390 2337 544 2388 epicum
574 2336 770 2376 videatur.
886 2337 1038 2376 Nexum
1082 2336 1210 2389 fingas
1243 2334 1498 2384 huiusmodi,
1531 2333 1693 2373 colores

159 2413 342 2448 mutuans
375 2421 426 2448 ex
455 2410 556 2450 locis
588 2411 826 2450 Homericis.
899 2409 948 2449 Et
977 2409 1081 2448 illum
1113 2407 1271 2461 quidem
1305 2408 1404 2447 altus
1432 2418 1596 2446 somnus
1629 2411 1694 2446 te-

161 2482 269 2530 nuit3
299 2493 380 2521 non
411 2483 505 2521 item
542 2482 743 2533 Hecalen,
771 2494 888 2534 quain
920 2485 1123 2533 expertem
1156 2481 1311 2529 somni,
1340 2481 1404 2519 vel
1434 2484 1586 2518 mature
1615 2491 1693 2518 ex-

164 2555 322 2594 citatam
359 2565 410 2592 ex
441 2565 598 2603 somno,
631 2565 738 2593 nunc
768 2553 870 2592 haec
899 2554 1112 2605 cogitatio,
1145 2564 1250 2591 nunc
1285 2551 1441 2591 subibat
1471 2551 1557 2590 illa:

304 2626 444 2678 τόφρα
479 2626 517 2663 δ’
551 2624 785 2676 ἀνίσχουσα
815 2624 1028 2677 βλοσυρὸν
1057 2624 1189 2676 λόφον
1224 2623 1365 2675 ἔγρετο
1402 2622 1526 2663 Tttw'.

164 2698 280 2750 Apud
312 2698 482 2736 Tzetzcn
515 2698 553 2735 in
586 2697 760 2748 Lycoph.
793 2710 828 2735 v.
861 2695 954 2734 942.
987 2708 1104 2746 quum
1136 2694 1333 2745 vulgatum
1366 2692 1503 2746 τόφρα
1534 2693 1573 2732 δ’
1596 2690 1694 2733 (ἰνί-

166 2784 319 2820 σχουσι
353 2768 505 2818 βοσσὸς
549 2766 678 2820 λόφον
715 2765 859 2817 ἔγρετο
904 2767 1036 2818 Titui,
1067 2769 1104 2806 ill
1137 2767 1287 2806 Codice
1321 2772 1448 2806 aulem
1483 2766 1559 2806 MS.
1600 2766 1695 2805 ‹Zmi-

168 2855 331 2893 σχονσα
354 2838 522 2881 Βοσσὸν
552 2840 718 2892 legeret,
749 2839 951 2879 Bentleius
975 2838 1052 2879 hoc
1071 2839 1268 2880 edendum
1291 2840 1522 2892 proposuit:
1554 2836 1694 2894 τόφρα
