1856 3126
147 227 345 276 sciverat,
377 236 425 265 ac
459 224 608 263 diserte
639 224 889 265 Plutarchus:
923 251 974 256 ——
1003 220 1140 272 οὕτως
1170 222 1302 264 αὖτόν
1331 223 1369 276 ἢ
1388 221 1538 276 Αἴθρα
1568 221 1674 276 πρός

137 295 211 350 τὴν
242 297 401 347 πέτραν
430 297 757 348 προσαγαγοῦσα
777 327 788 345 ,
818 298 912 336 >cai
947 295 1212 350 φράσασα
1254 295 1384 350 περί
1413 297 1506 348 τῆς
1533 297 1674 348 γενέ-

138 382 274 414 σεως
306 367 551 420 τάληθὲς
592 368 808 407 ἐκέλευσεν
847 366 1017 422 ὑφελεῖν
1047 365 1095 406 τά
1140 370 1316 424 πατρῷα
1351 366 1567 419 σι’μβολα,
1605 367 1678 406 καί

137 443 254 478 πλεῖν
285 437 344 485 εἰς
372 436 571 490 Ἀθήνας.
633 439 706 479 sed
747 452 836 479 cuni
870 441 1056 479 acumine
1094 440 1264 479 dictum:
1305 439 1500 478 intellexit
1539 449 1676 478 veram

140 521 232 550 esse
263 511 396 563 Aegei
429 510 635 563 sobolem,
671 513 837 564 agnovit
877 513 916 551 in
947 511 1102 551 Theseo
1133 511 1287 563 patriae
1319 510 1557 550 documenta
1591 509 1678 549 vir-

137 583 247 623 tutiS.
307 583 434 630 Quam
463 584 503 622 in
534 584 801 634 sententiam,
833 596 952 636 quum
981 582 1181 623 interdum
1212 583 1462 635 grammatici
1495 582 1678 622 brevita-

137 655 188 695 tis
219 654 351 695 studio
381 655 638 708 imperfectas
669 656 898 708 relinquant
926 655 1166 708 scriptorum
1197 666 1296 706 quas
1323 653 1488 693 laudant
1508 658 1680 694 senten-

138 727 244 777 tias,
271 731 314 766 ut
340 738 461 779 supra
489 728 743 767 Ammonium
772 725 925 767 εἵνεκεν
956 727 1034 778 οὐχ
1077 727 1119 766 ἓν
1161 721 1319 776 ἄεισμα
1337 757 1347 777 ,
1380 726 1545 778 abrupta
1580 737 1680 766 sen-

139 799 287 849 tentia,
310 799 499 839 citantem
528 798 726 851 vidimus,
757 810 840 838 non
871 798 1046 851 ineptum
1070 797 1210 848 suerit,
1238 797 1553 850 supplementum
1581 809 1681 837 ver-

137 882 207 912 sus
237 871 437 911 eiusmodi
468 871 644 924 fingere:
674 865 867 911 τοῦνεκεν
886 870 1040 923 Αἰγέος
1070 868 1475 923 ἐὸκενἘρεχθειίῘμο
1490 869 1681 922 γενέθλη.

133 942 430 996 Ἐρεχθείδαο,
473 941 538 981 vel
570 943 715 993 etiam,
756 946 800 982 ut
840 946 901 981 est
942 940 1132 993 ὠγυγίων
1171 933 1258 987 υἷες
1303 935 1599 993 Ἐριχθονιδᾶν
1638 939 1680 979 in

136 1013 462 1066 Epigrammate,
493 1013 810 1066 Ἐριχθονίδαοε
843 1016 909 1051 aut
940 1012 1084 1051 latiore
1114 1012 1409 1064 significatione
1449 1023 1522 1064 pro
1553 1011 1682 1050 Athe-

136 1085 291 1134 niensi,
322 1085 372 1124 de
405 1096 483 1138 quo
516 1084 638 1124 modo
672 1083 832 1124 dicendi
864 1083 1094 1123 Eustathius
1126 1085 1165 1123 in
1198 1084 1308 1124 Iliad.
1341 1084 1387 1124 ll.
1419 1084 1513 1124 547.
1545 1096 1606 1137 sq.
1640 1085 1683 1124 in

142 1158 290 1211 Odyss.
326 1158 406 1198 Vll.
437 1158 505 1198 81.
539 1162 577 1197 et
606 1158 680 1197 viri
714 1156 822 1196 docti
852 1160 1094 1196 monuerunt
1123 1157 1300 1208 passim3
1333 1161 1400 1197 aut
1428 1157 1611 1209 proprie,
1640 1160 1684 1196 ut

138 1231 381 1282 respiciatur
413 1229 464 1269 ad
500 1229 720 1269 derivatam
764 1228 813 1268 ab
854 1227 1083 1267 Erechtheo
1115 1239 1146 1267 s.
1177 1228 1441 1268 Erichthonio
1481 1228 1683 1281 orIginem

144 1302 324 1349 Thesei,
355 1301 405 1340 de
438 1313 516 1353 quo
559 1312 691 1352 supra.
741 1299 799 1340 Cf.
832 1299 1070 1351 Apollonius
1101 1299 1231 1339 Rhod.
1262 1299 1290 1338 1.
1329 1299 1418 1339 101.
1456 1298 1599 1352 Θησέα
1630 1300 1683 1350 δ’,

140 1371 188 1422 ὃς
223 1376 319 1427 πέρι
351 1373 509 1419 πάντας
538 1370 805 1424 Ἐρεχθείὸας
844 1367 1059 1410 ἐκέκαστο.
1116 1371 1320 1422 γενέθλη,
1363 1369 1412 1409 de
1444 1381 1549 1421 uno,
1578 1370 1685 1422 apud

141 1444 314 1486 eundem
343 1443 600 1497 Apollonium
646 1441 674 1481 Ι.
707 1442 799 1483 133.
848 1440 952 1494 apud
988 1441 1271 1481 Callimachum
1308 1454 1391 1482 non
1425 1443 1587 1483 memini
1619 1455 1684 1483 me

140 1517 293 1571 legere.
352 1516 437 1556 Etsi
475 1528 593 1568 quum
633 1515 752 1554 etiam
789 1513 1055 1568 Etymologus
1096 1514 1136 1554 in
1180 1515 1304 1555 verbo
1349 1512 1470 1556 ἔσκεν
1513 1516 1684 1565 desinat,

141 1591 340 1630 lubentius
373 1589 496 1630 credo
536 1589 830 1640 interpunctum
875 1587 1001 1628 fuisse
1042 1592 1132 1639 post
1180 1586 1309 1628 ἔσκεν.
1364 1587 1609 1639 Praeterea,
1641 1591 1684 1627 ut

142 1662 239 1702 nihil
270 1661 425 1712 celem,
458 1672 539 1700 non
579 1664 657 1700 tam
705 1663 856 1699 certum
893 1664 983 1710 est,
1018 1671 1134 1711 quam
1169 1659 1250 1698 dixi
1283 1669 1401 1709 esse,
1439 1662 1685 1711 compertum

141 1735 333 1776 Aethram
370 1734 419 1773 de
451 1737 567 1785 partu
597 1744 695 1783 suo,
728 1731 835 1784 quod
867 1733 997 1785 Aegei
1036 1735 1146 1771 esset
1186 1730 1306 1780 lilius,
1337 1730 1542 1771 habuisse.
1602 1731 1683 1772 Suo

141 1819 254 1847 more
288 1806 524 1859 antiquitas,
558 1810 601 1844 ut
630 1804 745 1856 aliis,
774 1816 940 1857 quorum
975 1804 1102 1843 maior
1129 1803 1334 1844 serebatur
1379 1804 1530 1854 virtus,
1565 1815 1684 1855 quain

144 1891 247 1931 quae
281 1892 300 1918 a
333 1883 445 1930 patre
470 1878 586 1917 insita
617 1876 746 1916 videri
777 1876 933 1916 mortali
962 1880 1113 1928 posset,
1136 1876 1236 1915 deos
1258 1875 1466 1928 genitores
1494 1876 1686 1928 assigna-

141 1952 210 2002 rit,
240 1951 293 1990 ita
321 1950 465 1989 Thesei
498 1948 697 1988 natalibus
725 1949 946 2001 Neptunum
979 1948 1201 1990 admiscuit.
1262 1948 1328 1989 Sic
1357 1947 1437 1988 hoc
1471 1947 1564 1987 dico
1595 1959 1685 1987 am·-

139 2023 262 2076 bigue
282 2053 293 2073 ,
323 2022 545 2074 Neptunum
579 2021 815 2061 admiscuit:
852 2021 902 2061 de
932 2022 1052 2061 modo
1085 2021 1190 2060 enim
1220 2022 1332 2061 varie
1362 2025 1402 2061 et
1431 2020 1686 2071 iudicabitur,

144 2100 183 2135 et
213 2095 387 2134 fortasse
422 2093 638 2133 iudicatum
670 2097 732 2133 est
755 2093 986 2146 antiquitus.
1045 2092 1211 2132 Licebat
1244 2082 1324 2132 sic:
1356 2093 1554 2132 incertum
1580 2103 1686 2142 esse,

144 2171 274 2206 utrum
305 2166 436 2219 Aegei
479 2165 608 2218 magis
643 2176 693 2203 an
735 2164 905 2216 Neptuni
955 2164 1058 2204 filius
1106 2164 1302 2204 dicendus
1342 2169 1451 2206 esset
1492 2166 1684 2210 Theseus.

143 2237 214 2277 Vel
242 2239 313 2289 sic,
344 2242 495 2290 patrem
528 2248 573 2275 re
604 2247 702 2275 vera
733 2235 858 2275 fuisse
887 2235 1125 2287 Neptunum,
1153 2247 1301 2275 nomen
1332 2236 1573 2287 praebuisse
1593 2236 1683 2276 Ae-

143 2322 277 2363 geum,
308 2315 351 2350 ut
380 2309 604 2349 certissima
626 2308 735 2348 Iovis
763 2308 913 2360 proles,
946 2307 1156 2358 Hercules,
1190 2312 1323 2347 tamen
1350 2307 1684 2361 Amphitryonia-

144 2383 217 2423 des
246 2383 381 2432 audit,
412 2387 452 2421 et
480 2392 766 2433 nonnunquam
798 2381 851 2420 ita
881 2379 1162 2431 Amphitruoni
1195 2379 1438 2430 attribuitur,
1473 2384 1515 2420 ut
1544 2391 1683 2420 verum

144 2456 269 2495 fuisse
299 2454 628 2506 Amphitruonem
667 2458 820 2505 patrem
855 2452 1035 2501 diceres,
1070 2452 1145 2491 nisi
1178 2451 1281 2491 aliud
1314 2462 1458 2491 nosses
1500 2451 1679 2492 aliunde.

143 2527 266 2568 veluti
295 2526 532 2565 Theocritus
562 2525 699 2578 Idyllio
731 2525 870 2565 XXIV.
913 2536 1108 2577 nusquam
1154 2524 1301 2563 diserte
1335 2523 1509 2564 divinam
1552 2524 1684 2577 origi-

144 2612 235 2639 nem
263 2598 427 2650 prodit,
461 2597 493 2636 si
524 2596 629 2636 forte
661 2596 839 2648 excipias
872 2607 1031 2635 versum
1067 2595 1158 2634 1052.
1217 2596 1402 2647 Denique
1435 2596 1495 2636 sic
1525 2595 1684 2648 licebat,

143 2676 295 2723 patrem
330 2670 455 2709 fuisse
486 2669 696 2720 Aegeum,
737 2666 810 2707 sed
840 2666 988 2718 aliquid
1030 2666 1068 2704 in
1100 2664 1297 2706 Theseum
1343 2666 1499 2720 gloriae
1539 2680 1592 2708 ex
1631 2679 1682 2708 eo

141 2743 423 2790 redundasse,
452 2740 558 2792 quod
589 2739 733 2778 eodem
767 2742 946 2789 tempore
976 2742 1127 2787 mater,
1164 2743 1202 2776 et
1233 2743 1354 2779 nocte
1385 2740 1550 2790 eadem,
1594 2753 1683 2780 am-

141 2815 323 2868 plexibus
360 2814 560 2854 honorata
599 2810 773 2863 Neptuni
814 2808 945 2849 suerit.
1018 2809 1199 2862 Hyginus
1232 2811 1327 2852 Fab.
1371 2812 1568 2856 XXXVII.
1606 2813 1681 2852 ita:
