1856 3126
812 115 1082 153 -45...

294 232 369 280 Qui
398 231 496 280 sint,
523 230 665 283 quibus
693 230 772 271 hoc
803 233 901 272 vitio
929 234 1048 274 vertit
1083 232 1370 282 Callimachus,
1404 230 1511 284 quod
1546 230 1703 282 Apolli-

182 315 272 342 nem
297 315 318 342 a
349 302 456 353 Sole,
487 302 765 355 Proserpinam
798 315 820 343 a
851 305 979 344 Diana
1010 304 1220 356 dirimant,
1244 317 1325 344 non
1356 303 1487 344 habeo
1518 314 1705 355 comper-

182 380 276 414 tum.
316 374 417 425 Hoc,
450 374 546 414 vitio
578 374 618 415 id
645 375 749 415 verti
770 374 844 414 illis
876 387 897 414 a
919 375 1175 427 Callimacho,
1204 381 1245 416 et
1263 376 1505 416 contrarium
1530 375 1708 416 sensisse

183 445 478 496 Callimachum,
511 446 630 486 ctiam
664 445 904 486 scholiastes
936 446 1094 486 Pindari
1122 447 1299 497 viderat,
1331 447 1398 499 qui
1427 447 1505 486 hoc
1535 446 1705 487 consilio

183 518 337 570 profert
364 530 508 557 versus
541 518 793 569 Callimachi,
825 523 868 558 ut
902 518 1070 557 eandem
1103 529 1194 558 esse
1223 519 1500 571 Proserpinam
1538 522 1578 558 et
1606 517 1708 557 Dia-

181 602 272 630 nam
309 589 477 642 probet:
524 585 591 629 ὅτι
623 590 660 629 ὸ’
694 585 719 642 ἦ
752 585 859 642 (ιῦτὴ
889 586 979 629 ἐστι
1008 589 1058 643 τῇ
1085 589 1322 643 Ἀρτέμιδι,
1354 588 1635 641 Καλλῄιιαχος
1665 589 1710 628 ἑν

175 661 339 717 Ἑκάλῃ·
373 663 415 701 οἵ
440 677 489 701 νυ
518 659 591 701 καί
612 659 857 703 Ἀπόλλωνα
878 666 955 701 etc.
1013 661 1091 703 Sed
1114 661 1314 713 quomodo
1344 661 1587 701 contrarium
1610 672 1709 700 sen-

182 735 285 774 sisse
314 732 596 773 Callimachum
626 733 850 784 docebitur,
883 733 949 786 qui
977 733 1063 786 ipse
1094 733 1134 772 in
1164 732 1334 785 hymnis,
1364 733 1430 785 qui
1460 736 1641 781 exstant,
1668 733 1708 772 in

181 805 405 858 Apollinem
445 809 485 844 et
513 805 707 854 Dianam,
737 804 962 856 Apollinem
993 817 1014 844 a
1045 804 1160 854 Sole,
1195 805 1362 844 Dianam
1404 816 1426 844 a
1459 804 1711 856 Proserpina,

182 878 346 929 Hecate,
374 877 498 928 Luna,
529 877 728 917 dirimat?
786 877 844 918 Ita
874 890 941 920 res
970 878 1169 918 sehabet.
1229 878 1405 931 Hymnus
1428 878 1468 918 in
1487 876 1710 929 Apollinem

183 949 366 990 medicae
397 949 555 1002 quidem
597 950 694 990 artis
735 951 918 1003 peritiam
957 963 1005 991 ac
1049 950 1292 1004 praesidium
1334 950 1470 990 tribuit
1506 962 1544 989 ν.
1575 949 1643 989 45.
1673 947 1712 988 6.

182 1019 369 1072 Apollini,
401 1033 482 1061 non
511 1026 554 1061 ut
585 1033 810 1074 agnoscere
845 1022 1108 1062 Callimachus
1138 1023 1334 1062 Paeanem
1362 1022 1616 1062 Homericum
1647 1025 1713 1058 vi-

184 1093 352 1143 deatur3
384 1099 425 1133 at.
453 1094 662 1133 doctrinae
695 1094 744 1134 de
765 1094 949 1146 Apolline
966 1095 1058 1136 Sole
1080 1095 1228 1134 nullum
1251 1095 1477 1147 vestigium.
1535 1093 1713 1145 Hymnus

183 1165 222 1204 in
254 1166 420 1206 Dianam
454 1165 543 1209 dum
585 1178 673 1205 cum
710 1165 863 1218 Ilithyia
905 1166 1047 1206 miscet
1087 1171 1205 1219 atque
1236 1166 1444 1206 confundit
1476 1165 1643 1206 Dianam
1674 1177 1712 1204 v.

188 1239 253 1277 91.
285 1249 342 1289 sq.
372 1238 445 1286 (cf.
482 1237 592 1287 126.)
630 1239 736 1277 unde
766 1237 959 1278 credibile
988 1243 1050 1278 est
1079 1238 1172 1278 alibi
1203 1237 1461 1290 Callimacho,
1492 1250 1610 1290 quum
1639 1237 1713 1276 Ec-

185 1308 379 1349 λείθυιαν
409 1309 532 1360 dicit,
565 1309 603 1352 h.
640 1310 722 1349 Iov.
763 1311 825 1350 12.
858 1309 994 1363 Epigr.
1030 1310 1124 1350 LVI.
1167 1310 1281 1351 simul
1318 1311 1473 1351 Dianae
1503 1308 1713 1350 obversari

186 1381 419 1434 imaginem,
451 1386 621 1435 excepto
657 1386 789 1422 tamen
820 1382 937 1422 tertio
970 1381 1008 1422 h.
1038 1381 1124 1422 Del.
1160 1382 1254 1423 132.
1287 1383 1379 1423 957.
1413 1382 1532 1433 loco,
1561 1382 1629 1422 ubi
1661 1381 1711 1421 de

181 1454 309 1495 Diana
341 1454 511 1507 cogitari
542 1455 700 1506 nequit,
744 1466 874 1507 neque
906 1455 946 1494 in
984 1455 1155 1510 Εἰιάτίῃ
1188 1455 1343 1508 Fragm.
1374 1454 1571 1495 CLXVIII.
1601 1454 1714 1493 notio

185 1536 378 1579 expressa
410 1526 563 1566 Dianae
603 1531 689 1566 est:
733 1526 854 1579 igitur
893 1526 1062 1579 hymnus
1107 1527 1147 1567 in
1186 1528 1354 1567 Dianam
1394 1526 1538 1567 nullam
1581 1538 1714 1578 neque

183 1598 447 1651 Proserpinae
479 1599 765 1651 proprietatem
799 1610 932 1651 neque
957 1599 1129 1639 Hecates
1159 1611 1291 1652 neque
1317 1600 1453 1640 Lunae
1484 1601 1524 1639 in
1545 1599 1712 1639 Dianam

185 1672 354 1712 confert.
413 1671 653 1725 Ambiguum
685 1675 769 1722 est,
800 1676 841 1711 et
878 1671 956 1711 hoc
989 1672 1163 1713 sortasse
1210 1672 1435 1725 ambiguum
1467 1684 1558 1711 esse
1589 1671 1716 1711 voluit

182 1749 330 1798 poeta,
367 1757 405 1784 v.
435 1743 528 1785 204.
562 1745 806 1797 φαέσφορε,
838 1743 910 1784 sed
944 1756 1056 1784 suam
1090 1744 1129 1784 in
1162 1756 1207 1784 se
1238 1744 1451 1794 idoneam,
1491 1744 1714 1784 dominanti

185 1829 257 1871 per
285 1820 408 1856 totum
436 1815 622 1868 hymnum
656 1815 820 1868 imagini
850 1816 960 1855 Deae
1000 1815 1219 1855 venatricis
1256 1816 1599 1857 accommodatam
1637 1828 1715 1855 ex-

184 1889 439 1942 plicationem
472 1887 592 1928 habet
622 1900 674 1928 ex
714 1887 805 1928 loco
837 1887 1045 1940 superiore
1076 1900 1114 1927 v.
1147 1889 1208 1928 11.
1240 1887 1307 1928 ubi
1338 1890 1604 1943 φαεσφοριήν
1633 1899 1714 1927 non

187 1961 297 2014 illud,
327 1961 433 2014 quod
460 1960 633 2001 somniat
659 1961 857 2013 interpres
885 1971 1072 2013 graecus,
1099 1959 1187 2010 sed,
1215 1964 1257 2000 ut
1284 1960 1419 2000 verbis
1445 1965 1534 2001 utar
1553 1961 1714 2013 Sopho-

187 2034 280 2085 elis,
319 2030 567 2088 πυρφόρους
595 2032 842 2084 Ἀρτέμιδος
888 2029 1036 2084 αἵγλας
1084 2032 1332 2085 significare,
1372 2030 1445 2082 ξύν
1488 2026 1556 2081 αἶς
1585 2034 1721 2079 Λύκι’,

189 2099 288 2158 ι’)’ρεα
321 2104 486 2160 διςὲσσει
509 2105 593 2144 Dea
625 2104 820 2153 venatrix,
856 2105 954 2144 satis
975 2105 1123 2144 evincit
1149 2105 1435 2145 sententiarum
1465 2116 1606 2148 nexus,
1648 2105 1713 2146 Sic

188 2178 227 2217 in
258 2176 479 2217 Trachiniis
510 2189 545 2215 v.
571 2175 663 2216 214.
694 2169 945 2230 οἷμφίπυρος
962 2175 1182 2228 epitheton,
1214 2175 1320 2228 quod
1351 2188 1422 2228 per
1452 2188 1497 2217 se
1529 2177 1713 2230 ambigua

190 2254 252 2289 cst
283 2248 590 2302 significatione,
622 2248 661 2287 in
689 2246 752 2287 illa
784 2247 998 2286 verborum
1027 2248 1328 2298 coniunctione,
1359 2252 1522 2301 propter
1550 2249 1712 2289 alterius

187 2321 374 2362 viciniam
405 2320 588 2372 epitheti,
616 2319 828 2359 manifesto
863 2318 914 2358 ad
944 2323 1131 2358 venatum
1160 2320 1423 2371 pertinentis,
1463 2321 1550 2360 sine
1584 2321 1714 2361 ambi-

189 2396 340 2448 gnitate
374 2405 507 2443 unam,
544 2397 587 2432 ιιι
621 2392 739 2432 decet
769 2396 952 2444 poetam,
983 2391 1085 2431 deae
1117 2396 1238 2431 noctu
1269 2393 1452 2445 vagantis
1487 2404 1574 2432 cum
1605 2392 1713 2432 saci-

189 2467 292 2517 bus,
322 2471 364 2505 ut
391 2465 566 2504 excutiat
602 2475 625 2503 e
653 2463 820 2504 latebris
863 2463 996 2514 seras,
1030 2463 1242 2515 imaginem
1285 2464 1474 2514 praebet:
1506 2457 1712 2515 ’Ἄρτεμιν

189 2538 422 2590 Ὀρτυγίαν,
451 2535 725 2589 ἐλαφηβόλον,
756 2535 1018 2588 α’μφιήυρον.
1079 2535 1216 2587 Neque
1254 2529 1388 2580 Οῧπις
1417 2546 1642 2588 cognomen
1671 2536 1710 2577 h.

188 2611 304 2651 Dian.
335 2607 428 2651 204.
464 2607 557 2648 240.
588 2607 673 2646 eius
704 2606 1031 2659 significationis,
1062 2619 1179 2659 quam
1213 2606 1363 2646 indicat
1395 2608 1498 2660 apud
1527 2609 1711 2661 Spanhe-

189 2683 309 2722 mium
341 2680 519 2730 Servius,
550 2678 759 2731 quicquam
790 2677 926 2730 prodit
953 2678 1056 2731 apud
1086 2678 1389 2730 Callimachum,
1414 2680 1487 2720 sed
1519 2682 1712 2734 simplici-

191 2759 252 2794 ter
281 2757 343 2793 est
370 2753 523 2793 Dianae
555 2759 809 2806 cognomen,
841 2748 946 2800 quod
976 2749 1066 2799 illa,
1096 2754 1138 2789 ut
1165 2749 1231 2790 alii
1259 2751 1467 2803 viderunt,
1498 2753 1548 2793 ab
1583 2754 1710 2806 Opide

191 2825 388 2878 nympha,
417 2823 528 2863 cuius
568 2823 608 2861 in
648 2819 794 2873 hymno
834 2819 922 2860 Deli
953 2833 989 2860 v.
1023 2820 1115 2861 902.
1149 2823 1325 2876 mentio,
1356 2828 1634 2878 assumpserit:
1669 2833 1711 2868 ιιι
