1856 3126
740 123 1047 161 -138—

124 239 200 279 sita
234 237 405 287 fuerunt,
434 241 475 278 ut
505 242 620 278 erant
649 249 795 278 recens
827 238 1012 289 collecta,
1043 240 1173 279 statim
1205 237 1587 289 edendasfortasse
1607 249 1659 278 ex

128 315 258 350 aceto.
318 309 412 356 Aut,
442 319 522 361 quo
555 308 702 349 ducunt
733 309 864 349 olivae
897 311 1153 360 muriaticae,
1187 314 1225 349 et
1255 310 1364 350 Plinii
1399 309 1449 349 de
1481 310 1663 351 crethmo

125 382 273 430 verba,
314 380 515 420 Servatur
555 381 675 422 etiam
705 382 747 421 in
787 383 946 422 muria:
987 382 1150 432 ἁλμαῖα
1190 382 1290 422 haec
1328 394 1517 435 quoque,
1566 384 1592 423 i.
1626 394 1662 422 e.

126 457 336 505 postquam
365 466 438 506 per
468 454 627 507 longius
661 456 852 507 temporis
883 456 1050 508 spatium
1077 456 1115 494 in
1146 456 1298 505 muria,
1326 455 1390 495 vel
1421 460 1564 506 aceto,
1592 467 1665 495 re-

125 524 286 565 condita
318 524 513 564 fuissent:
555 526 708 578 qualia,
746 531 837 578 post
884 525 1081 578 ἁλμάδας
1122 526 1248 572 ἐλάας
1280 525 1580 577 κολυμβάδας,
1612 538 1664 569 ex

125 597 317 638 Nicandri
346 597 561 650 Georgicis
593 604 807 649 recenset,
847 599 990 638 hiemis
1022 600 1193 638 maxime
1227 600 1264 638 in
1307 610 1421 637 usum
1452 597 1665 647 destinata,

123 669 359 709 Athenaeus
405 669 467 709 lV.
501 681 538 721 p.
576 669 665 713 133.
696 670 742 709 D.
776 670 821 710 E.
885 670 1009 718 Quam
1050 669 1166 709 aliam
1213 668 1664 709 mixturam'Nicander

123 744 161 782 in
195 742 340 782 eodem
372 743 665 795 Georgicorum
695 743 798 783 libro
830 756 889 796 ap.
923 743 1068 783 Athen.
1104 742 1170 782 lX.
1201 755 1236 795 p.
1259 742 1353 782 371.
1384 740 1427 780 C.
1459 740 1665 790 describit,

127 816 167 854 in
200 827 275 867 qua
305 813 453 866 σόγκος
484 820 558 866 est,
588 821 715 856 utrum
749 816 1014 868 decoquenda
1046 816 1178 865 suerit,
1201 827 1250 854 an
1283 814 1359 854 alio
1386 813 1506 852 modo
1539 825 1665 865 appa-

126 885 281 934 randa,
315 885 490 937 ambigo.
563 886 636 925 Hic
682 887 939 927 inserendum
985 887 1158 927 fortasse
1205 886 1352 926 Callim.
1385 886 1663 938 Fragmentum

127 958 267 998 CCCC.
297 970 349 998 ex
377 958 514 1008 Plinio,
546 962 660 999 cuius
691 959 790 999 haec
823 960 946 999 XXV.
979 960 1041 998 13.
1075 960 1214 1009 (106.)
1248 960 1370 999 verba
1407 964 1519 999 sunt:
1562 958 1666 999 Eri-

122 1042 261 1082 yerou.
293 1061 302 1070 .
332 1030 484 1070 Nomen
513 1031 588 1070 hoc
621 1031 771 1070 Graece·
793 1031 1001 1079 dederunt,
1035 1031 1131 1081 quia
1157 1043 1255 1070 cere
1284 1031 1473 1070 canescit.
1535 1032 1667 1083 Caput

124 1103 212 1141 eius
244 1114 463 1142 numerosa
493 1102 687 1141 deciditur
718 1101 932 1153 lauuyine,
961 1101 1094 1152 qualis
1123 1106 1183 1139 est
1211 1101 1385 1151 spinae,
1422 1101 1528 1140 inter
1557 1101 1666 1140 clivi-

56 1199 65 1213 ,-
122 1187 248 1214 suras
279 1180 462 1214 exeunte.
522 1174 662 1222 Quare
691 1187 779 1214 eam
810 1173 1081 1214 Callimachus
1111 1173 1329 1213 acanthida
1358 1174 1562 1224 appellat,
1594 1173 1667 1213 aliz·

119 1259 314 1298 pappum.
374 1246 458 1286 Nec
489 1246 630 1285 deinde
658 1245 828 1284 Graecis
858 1246 905 1284 de
941 1258 991 1284 ea
1028 1249 1196 1285 constat.
1257 1245 1299 1284 In
1346 1242 1547 1295 λαχάνοις
1587 1256 1666 1284 nu-

125 1323 301 1358 meratur
331 1330 352 1357 a
384 1316 661 1369 Theophrasto
695 1316 793 1356 Hist.
827 1316 875 1368 pl,
903 1316 980 1355 Vll.
1007 1317 1044 1366 7,
1066 1318 1100 1355 1.
1161 1316 1507 1368 Comprehendam
1532 1316 1666 1355 omnia

127 1402 267 1430 versu:
297 1388 452 1442 σόγχον
480 1420 490 1430 .
523 1420 532 1430 .
566 1419 576 1430 .
612 1421 620 1429 .
654 1384 846 1443 κρῆθμόν
878 1390 912 1429 τ’
938 1388 1003 1440 ἧδ’
1028 1390 1247 1442 ἕρπυλλον,
1281 1388 1493 1429 ἅκανθίδα
1524 1389 1555 1428 τ’
1575 1388 1667 1441 ἠρι-

124 1462 314 1515 γέροιιτα.
375 1461 430 1500 Ita
464 1464 569 1502 enim
603 1465 845 1514 interpretor
875 1462 1054 1511 Plinium,
1086 1473 1166 1500 non
1195 1465 1235 1501 ut
1267 1473 1382 1513 quem
1415 1460 1538 1500 ceteri
1570 1460 1668 1512 ἦρι-

124 1535 332 1585 γέροιντα,
363 1547 452 1574 cum
482 1534 747 1573 Callimachus
787 1532 999 1572 α’καπθίὸα
1034 1532 1317 1584 appellaverit,
1351 1531 1423 1570 sed
1451 1535 1492 1570 ut
1535 1532 1667 1570 α’καν-

127 1606 231 1644 &ida
268 1605 471 1657 epitheton
505 1607 658 1645 lecerit.
726 1606 815 1646 Non
849 1606 980 1644 obstat
1011 1617 1166 1657 genus,
1199 1602 1217 1641 ὁ
1254 1599 1474 1655 ἡριγέρων.
1532 1601 1663 1640 Deni-

125 1688 201 1729 que
226 1677 457 1717 Callimachi
476 1677 602 1716 haec:
633 1670 707 1732 ᾗχι
724 1679 862 1729 γέγεια
905 1670 1039 1715 ἄνθεα
1068 1672 1261 1728 μήκωψός
1281 1688 1323 1713 τε
1342 1673 1497 1725 Fragm.
1516 1670 1658 1712 CCLlI.

123 1749 202 1790 huc
231 1751 327 1790 illuc
356 1752 531 1800 versavi,
562 1763 612 1790 an
644 1750 790 1789 vellent
823 1748 1034 1789 commoda
1056 1760 1100 1788 se
1120 1749 1318 1800 praebere
1347 1746 1397 1786 ad
1427 1746 1533 1784 hanc
1557 1755 1660 1783 coe-

125 1833 204 1860 nae
237 1822 439 1862 Hecaleae
478 1826 643 1875 partem.
703 1821 783 1862 Sed
822 1821 918 1860 nihil
961 1820 1106 1861 el'ficio.
1173 1820 1269 1860 Illud
1308 1831 1406 1859 sane
1448 1815 1656 1871 probabile

125 1897 214 1943 est,
247 1895 353 1945 quod
384 1894 668 1934 emendatione
700 1893 834 1933 effecit
865 1893 1094 1943 Bentleius‚
1126 1897 1237 1931 certe
1269 1891 1365 1931 nihil
1396 1891 1599 1930 inventum
1633 1899 1656 1927 a

123 1977 320 2018 quoquam
353 1967 493 2007 melius
535 1967 818 2007 emendatione
849 1966 1084 2006 Bentleiana
1131 1965 1238 2004 scio:
1288 1963 1520 2003 Callimachi
1563 1973 1656 2000 esse

123 2040 201 2075 tam
238 2037 315 2077 hoc
346 2050 461 2089 quam
493 2038 600 2090 quod
631 2037 839 2090 praeeedit
874 2037 977 2088 apud
1004 2036 1307 2089 Etymologum:
1357 2028 1378 2087 ἦ
1412 2033 1448 2089 ῥ’
1478 2030 1544 2072 ὅτι
1575 2029 1656 2078 τώς

121 2106 141 2149 ὁ
173 2111 330 2161 γέγειος
359 2108 448 2162 ἔχει
481 2109 614 2162 λόγος.
687 2110 736 2149 Et
774 2110 946 2150 fortasse
986 2121 1037 2148 ex
1080 2109 1222 2148 eodem
1264 2120 1387 2160 opere
1432 2110 1655 2156 utrumque.

124 2181 240 2228 Quod
280 2182 319 2221 in
361 2183 459 2222 hoc:
506 2177 529 2236 ἦ
561 2182 599 2236 ῥ’
634 2180 696 2223 ὅτι
729 2181 812 2229 τώς
843 2181 863 2222 ὃ
898 2185 1054 2235 γέγειος
1083 2179 1170 2233 ἔχει
1203 2178 1348 2234 λόγος,
1386 2179 1526 2218 neseio
1560 2176 1653 2230 quid

126 2254 267 2305 epicae
299 2253 445 2293 indolis
475 2254 797 2293 animadvertere
830 2253 900 2292 tibi
928 2252 1117 2302 videaris,
1146 2251 1186 2292 id
1219 2262 1301 2290 non
1332 2253 1481 2290 tantum
1514 2251 1587 2296 est,
1614 2250 1654 2286 ut

122 2326 297 2366 Hecalae
322 2326 543 2366 adiudicari
577 2326 748 2376 debeat,
771 2327 901 2365 Aetiis
933 2329 1118 2377 nequeat.

233 2399 397 2438 Praeter
428 2399 556 2438 olivas
595 2403 635 2438 et
673 2403 835 2450 praeter
868 2397 1012 2437 herbas
1056 2409 1090 2436 s.
1135 2396 1244 2436 olera
1285 2393 1433 2447 aliquid
1476 2390 1653 2432 Hecalen

124 2471 360 2522 apposuisse
389 2470 578 2523 amplius,
609 2475 752 2522 sponte
782 2470 1038 2522 intelligitur,
1069 2473 1107 2508 et
1137 2472 1247 2508 recte
1279 2467 1352 2506 viri
1385 2465 1519 2514 docti,
1545 2463 1655 2503 Tou-

121 2528 227 2593 pius,
261 2542 543 2592 Ruhnkenius,
576 2543 798 2595 fragmenta
830 2543 906 2582 alia
939 2543 1334 2593 circumspexerunt,
1365 2537 1508 2590 quibus
1535 2536 1654 2575 locu-

124 2611 341 2664 pletaretur
369 2613 483 2654 huius
515 2615 658 2664 tenuis,
682 2614 755 2653 sed
779 2614 818 2653 in
844 2613 1033 2653 tenuitate
1056 2612 1209 2663 amplae
1235 2622 1392 2650 coenae
1420 2607 1651 2659 descriptio.

121 2683 245 2736 Igitur
284 2684 360 2724 huc
400 2691 643 2725 revocarunt
677 2686 851 2737 Toupius
883 2685 1077 2724 Emendd.
1120 2685 1158 2723 in
1198 2683 1307 2723 Suid.
1339 2682 1378 2721 P.
1401 2680 1446 2719 V.
1479 2678 1564 2718 Vol.
1585 2677 1650 2717 Ill.

123 2767 159 2809 p.
196 2756 287 2794 182.
319 2756 387 2804 (ll.
420 2769 454 2807 p.
492 2745 584 2797 987.
620 2758 732 2810 Lps.)
771 2759 942 2808 itemque
975 2755 1234 2796 Ruhnkcnius
1264 2754 1386 2806 Epist.
1419 2753 1503 2791 crit.
1537 2749 1581 2789 ll.
1613 2762 1648 2802 p.

126 2827 216 2869 185.
264 2832 304 2866 et
350 2827 487 2879 Epistt.
532 2830 656 2869 Tium.
703 2842 737 2882 p.
784 2831 848 2870 ΩΟ.
898 2829 1121 2881 fragmenta
1185 2827 1310 2875 haec,
1356 2835 1475 2863 unum
1527 2821 1650 2861 Calli-
