1856 3126
796 142 1102 180 -219-

186 265 264 305 quo
294 265 434 296 versus
467 255 624 305 fuerint,
651 268 748 297 vere
781 257 996 298 tradidisse
1027 262 1137 297 etex
1169 257 1278 297 sonte
1306 256 1482 309 ingenuo
1509 256 1709 296 credetur.

186 328 299 365 Haec
328 327 461 379 magni
482 328 555 366 viri
574 327 861 369 Hemsterhusii
883 330 1001 369 suerit
1027 330 1238 378 sententia,
1271 329 1320 369 ad
1341 329 1580 368 Lucianum:
1609 328 1716 380 quod

186 402 321 436 autem
362 397 621 448 undecunque
663 399 943 452 investigatum
977 399 1139 440 Natalis
1169 401 1309 440 Comes
1341 401 1529 451 scripsit,
1569 412 1715 440 versus

187 480 277 507 esse
306 481 359 508 ea:
387 468 538 508 Hecale
573 469 815 520 depromas,
854 470 1117 509 certissimam
1149 470 1340 510 arbitror.
1402 471 1447 510 Et
1476 475 1566 523 post
1592 470 1717 510 Hem-

190 536 451 587 sterliusium,
481 537 667 577 Ernestii.
727 540 776 578 Et
817 545 910 580 ante
948 541 1118 580 Fabricii
1151 543 1189 581 in
1231 542 1327 581 Bibl.
1362 553 1512 594 graeca
1547 541 1633 581 Vol.
1667 541 1712 580 ll.

186 619 224 660 p.
258 609 352 647 48⁴.
414 608 651 660 Crederem,
684 611 716 649 si
747 611 826 650 ullo
856 611 975 650 modo
1007 612 1214 663 probabile
1248 617 1377 661 esset,
1406 613 1584 652 Natalem
1618 612 1710 652 illud

187 691 238 718 ex
267 679 346 718 alio
376 679 583 731 incognito
607 682 724 721 nobis
749 682 875 732 sonte,
906 686 972 721 aut
1001 694 1051 721 ex
1080 682 1276 733 pleniore,
1307 697 1421 735 spiam
1443 689 1620 723 nostrum
1641 687 1714 732 est,

184 749 469 803 Etymologico
494 751 666 792 tradere.
725 753 775 792 Ut
802 765 907 792 nunc
937 764 982 792 se
1012 765 1077 792 res
1100 752 1233 804 habet,
1264 766 1381 805 quum
1409 755 1587 795 Natalem
1619 766 1714 794 ver-

186 833 254 862 sus
299 823 397 862 istos
437 835 533 863 suos
572 823 852 875 interpolando
898 829 1015 876 atque
1063 825 1358 876 corrumpendo
1405 826 1610 865 effinxisse
1660 837 1712 864 ex

185 894 467 947 Etymologico
496 899 697 946 appareat,
726 899 766 934 et
793 907 845 935 ex
876 907 926 935 eo
954 895 1222 948 Etyinelogici
1256 896 1453 948 exemplo,
1487 897 1593 948 quod
1631 908 1712 936 no-

187 970 271 1005 stro
303 978 408 1005 nunc
439 966 621 1018 exemplo
650 978 814 1019 prorsus
835 967 963 1006 simile
992 972 1110 1019 atque
1141 969 1360 1020 geminum,
1392 968 1479 1020 quiS
1509 968 1602 1007 illud
1630 969 1715 1008 Na-

187 1037 274 1077 talis
316 1038 537 1089 exemplum
580 1050 660 1078 uno
708 1041 870 1078 nomine
908 1038 1080 1078 Hecales
1125 1039 1361 1092 locupletius
1403 1045 1542 1079 nostro
1587 1040 1711 1079 fuisse

187 1103 361 1150 eredat?
417 1111 566 1162 Nempe
597 1111 824 1159 credemus,
853 1124 969 1163 quum
1001 1111 1094 1151 illud
1123 1114 1163 1151 in
1191 1111 1320 1152 lucem
1354 1112 1549 1163 prolatum
1580 1111 1711 1151 suerit.

186 1181 342 1221 Interea
386 1195 473 1222 cum
511 1183 606 1222 viris
651 1184 780 1223 doctis
822 1183 908 1223 aliis
949 1184 1066 1224 fidem
1095 1184 1223 1223 Natali
1265 1184 1341 1224 hac
1381 1196 1539 1236 quoque
1584 1185 1622 1223 in
1667 1196 1712 1223 re

187 1254 489 1307 denegabimus.
549 1256 623 1302 Qui
661 1261 751 1295 sunt
789 1256 1051 1308 Sylburgius,
1086 1256 1403 1306 Valckenarius,
1436 1256 1709 1297 Ruhnkenius.

185 1327 419 1380 Sylburgius
456 1328 506 1367 ad
551 1327 870 1380 Etymologicum
915 1328 996 1367 ita:
1040 1326 1276 1367 Callimachi
1314 1339 1461 1366 versus
1499 1339 1526 1366 a
1567 1326 1714 1366 Natale

184 1399 333 1438 Come'te
360 1400 487 1449 paulo
528 1399 723 1450 inteqrius
755 1399 930 1438 citantur
960 1398 1228 1451 Mytholoqiae
1264 1398 1330 1438 lib.
1357 1399 1397 1439 3.
1428 1411 1461 1438 c.
1492 1400 1533 1438 lt.
1566 1423 1619 1430 -
1652 1398 1713 1437 ci-

183 1475 321 1509 tantur
350 1475 481 1509 autem
521 1470 576 1509 ibi
609 1483 661 1509 ea)
692 1471 931 1511 Callimachi
956 1470 1134 1510 Hecale.-
1175 1483 1279 1522 quae
1308 1470 1377 1509 ubi
1406 1470 1443 1510 ei
1473 1470 1565 1510 visa
1593 1470 1646 1509 sit
1675 1474 1714 1509 et

179 1542 456 1594 perlustrata,
487 1555 567 1581 non
597 1543 718 1584 addit.
777 1544 957 1583 Acumen
987 1543 1188 1596 Sylburgii
1218 1547 1260 1583 ut
1302 1543 1525 1595 percipias,
1567 1554 1713 1583 recor-

188 1614 358 1653 dandum
388 1619 469 1665 est,
503 1615 609 1666 quod
641 1616 747 1655 idem
779 1617 840 1656 vir
871 1616 1015 1656 doctus
1050 1616 1191 1656 scribit
1235 1616 1274 1655 in
1313 1616 1427 1656 Notis
1471 1615 1522 1655 ad
1560 1616 1710 1656 Natalis

183 1686 348 1726 Comitis
379 1687 539 1738 Mythot.
587 1687 649 1727 ed.
682 1688 834 1728 Hanov.
869 1687 1050 1727 Wechel.
1086 1687 1204 1728 1619.
1244 1687 1358 1727 Haec
1399 1692 1495 1727 sunt
1524 1699 1628 1739 qaae
1668 1689 1710 1727 in

183 1758 351 1798 Graecis
394 1764 581 1799 cautorum
616 1759 752 1798 verbis
782 1760 1116 1812 recognoscendis
1155 1759 1444 1808 animadverti,
1488 1760 1535 1799 (Ie
1565 1760 1710 1811 quibus

179 1830 440 1881 perlabenter
477 1844 564 1870 cam
594 1831 683 1882 ipso
714 1831 860 1871 Natale
883 1844 962 1882 per
990 1832 1145 1882 literas,
1174 1831 1372 1871 lubentius
1402 1844 1540 1871 coram
1567 1833 1604 1871 si
1621 1832 1712 1884 sieri

178 1902 400 1953 potuisset,
429 1902 707 1951 contulissem,
741 1904 957 1954 oculosque
984 1915 1093 1942 meos
1123 1907 1160 1941 et
1186 1902 1361 1942 animmn
1397 1903 1605 1954 pavissem
1632 1916 1712 1943 va-

185 1975 341 2013 riorum
370 1978 556 2013 autorum
583 1974 740 2025 intuitu,
772 1986 872 2024 quos
900 1973 1040 2014 Natali
1066 1975 1218 2025 videre,
1246 1975 1361 2014 nobis
1384 1975 1528 2014 audire
1558 1980 1710 2015 tantum

187 2047 359 2099 contigit.
416 2046 706 2086 Valckenarius
737 2047 775 2085 in
805 2046 899 2085 Call.
923 2046 1037 2099 Eleg.
1066 2047 1127 2086 Fr.
1158 2060 1193 2099 p.
1218 2047 1278 2087 10.
1313 2052 1351 2086 et
1380 2047 1639 2088 Rulmkenius
1659 2049 1710 2088 ad

185 2119 385 2158 Timaeum
419 2131 456 2170 p.
493 2116 580 2157 134.
607 2118 805 2167 breviter,
840 2117 912 2157 sed
945 2122 985 2157 ut
1016 2118 1215 2172 intelligas
1252 2119 1348 2159 nihil
1391 2120 1478 2159 illos
1520 2120 1707 2160 tribuisse

184 2191 412 2230 testimonio
443 2189 592 2230 Natalis
635 2189 685 2229 de
719 2189 880 2229 llecale.
940 2189 1111 2230 Omnino
1158 2196 1344 2242 quantum
1380 2192 1525 2231 habeat
1558 2191 1710 2232 Natalis

187 2263 332 2302 Comes
363 2264 579 2315 proprium,
612 2274 663 2302 ex
692 2263 954 2314 scriptoribus
986 2275 1092 2303 nunc
1123 2263 1354 2315 deperditis,
1387 2264 1516 2316 magis
1549 2263 1707 2302 dubium

186 2334 280 2373 mihi
309 2340 395 2386 est,
427 2347 543 2386 quam
574 2334 730 2374 videtur
759 2334 965 2374 Lobeckio
997 2346 1089 2374 esse
1120 2335 1158 2374 in
1189 2335 1310 2374 Diatr.
1342 2336 1464 2387 antiq.
1503 2334 1553 2374 de
1582 2339 1711 2375 morte

187 2405 337 2445 Bacchi
365 2418 401 2457 p.
436 2407 501 2446 17.
535 2410 618 2445 not.
654 2406 718 2446 10.
754 2406 842 2446 coll.
874 2407 1075 2460 Aglaoph.
1101 2407 1128 2446 I.
1157 2420 1193 2459 p.
1227 2407 1320 2447 573.
1350 2412 1430 2447 not.
1461 2420 1499 2459 p.
1540 2419 1589 2447 ac
1623 2407 1713 2446 vel-

189 2478 268 2517 lem
297 2478 407 2529 plura
431 2477 661 2529 protulisset
690 2480 926 2519 reconditae
956 2480 1069 2520 huius
1100 2480 1137 2518 in
1171 2480 1309 2520 Natate
1342 2480 1549 2519 doetrinae
1581 2478 1712 2519 docu-

188 2556 346 2590 menta:
375 2563 464 2590 nam
497 2550 670 2590 sortasse
703 2551 807 2591 hanc
839 2564 997 2604 quoque
1030 2553 1069 2592 in
1098 2554 1376 2604 quaestionem
1407 2552 1583 2591 maiores
1612 2551 1712 2591 meis

187 2627 278 2663 sunt
306 2623 381 2661 viri
411 2623 566 2675 egregii
605 2623 760 2674 copiae.
829 2623 877 2662 Ut
906 2623 1036 2662 statim
1070 2634 1215 2662 novum
1246 2623 1341 2661 mihi
1371 2626 1482 2672 erat,
1523 2621 1629 2673 quod
1661 2633 1713 2660 ex

189 2694 413 2746 Pronapide
453 2694 654 2746 profertur
691 2695 818 2735 Natali
856 2707 1065 2734 commune
1098 2707 1185 2734 cum
1221 2694 1416 2744 Boeatio,
1456 2693 1654 2745 Aglaopli.
1684 2693 1712 2733 Ι.

188 2779 227 2819 p.
254 2766 350 2807 600.
382 2770 464 2806 not.
522 2766 659 2818 Neque
687 2766 766 2806 hoc
793 2771 953 2818 superat
980 2767 1112 2817 fidem,
1143 2777 1268 2818 penes
1289 2765 1467 2806 Natalem
1497 2765 1620 2805 fuisse
1648 2769 1715 2804 aut

187 2838 358 2878 'l'zetzae
392 2837 614 2879 Chiliadum
655 2837 838 2878 codicem
881 2838 1127 2890 pleniorem,
1171 2850 1405 2892 quamquam
1448 2837 1588 2891 quibus
1631 2836 1717 2877 aliis
