1856 3126
777 121 1082 159 -232-

171 235 272 276 Gud.
305 248 342 288 p.
372 236 448 286 41,
480 235 519 275 3.
565 237 698 289 Steph.
733 238 827 290 Byz.
865 240 904 278 in
936 237 1168 290 Ἀμαζόνες.
1202 252 1343 280 omncs
1376 251 1398 279 e
1433 240 1694 290 Callimacho,

165 312 207 347 ut
236 310 344 359 puto.
460 308 620 360 Sepono
651 311 875 351 examinata
905 323 1006 363 quae
1036 312 1187 364 reliqua
1210 318 1507 353 annotaveram.
1567 313 1693 353 Unum

166 383 227 418 est
257 391 319 431 ap.
352 379 679 421 Choeroboscum
723 382 765 422 B.
796 383 846 424 A.
884 384 950 424 Gr,
982 384 1047 424 Ill.
1090 397 1126 437 p.
1161 386 1277 427 1188.
1324 385 1437 437 (coll.
1479 383 1697 438 Goetttingg

165 450 204 490 in
237 450 437 491 Theodos.
469 464 507 504 p.
542 453 659 506 241.)
696 459 734 494 et
764 455 980 496 Herodian.
1013 473 1054 496 π.
1083 472 1175 508 μου.
1205 461 1242 498 λ.
1275 470 1311 510 p.
1353 459 1418 508 12,
1448 459 1487 498 5.
1522 457 1693 497 alienum

165 521 271 562 haud
305 523 424 563 dubie
460 524 509 564 ab
544 524 715 575 Hecale,
748 527 819 566 sed
854 527 903 566 de
936 539 1013 579 quo
1047 527 1185 569 doceri
1226 541 1289 567 ine
1333 529 1475 578 velim,
1516 528 1581 579 qui
1616 516 1712 568 sint¹

166 593 351 634 homines
386 595 560 636 fortasse
603 598 701 637 satis
739 599 846 650 noti,
885 599 982 639 mihi
1024 600 1199 640 nondum
1242 602 1419 654 cogniti,
1458 594 1624 641 Chellon
1656 604 1696 640 et

168 666 333 706 Comes:

419 739 640 792 ὁῂμεχθέα
669 744 875 784 Χελλαῖνα
909 741 1171 797 κακόκνημόν
1199 759 1242 786 τε
1279 742 1472 798 Κόμητα.

166 811 372 851 Χέλλωνα
417 811 645 853 Dindorfius
688 814 739 853 ad
788 814 1009 854 Herodian.
1082 816 1258 855 Χέλλων
1297 815 1455 867 quidem
1499 815 1694 856 aeolicum

166 882 262 922 illud
291 889 475 935 saperet,
504 884 553 923 de
585 897 664 937 quo
697 897 830 937 supra.
889 886 953 926 An
991 891 1082 928 sunt
1108 888 1270 927 nomina
1306 889 1451 930 ficticia
1471 921 1481 940 ,
1524 889 1696 928 fortasse

167 954 491 997 adver-sariorum
534 957 798 997 Callimachi?
857 955 1058 1008 Χεὶὶών,
1095 959 1257 1010 Labeo,
1291 965 1331 999 ut
1361 966 1423 1001 est
1455 961 1577 1014 piscis
1615 972 1698 1000 no-

166 1038 282 1077 1ncn;
313 1032 352 1067 et
380 1025 545 1082 Κόμης,
576 1029 683 1081 quod
714 1033 754 1067 et
785 1029 912 1080 ipsum
934 1040 1049 1069 suam
1073 1029 1381 1083 explicationem
1412 1033 1452 1073 in
1487 1045 1531 1074 se
1562 1032 1694 1072 habet

166 1098 354 1140 Foitasse
389 1112 440 1139 ex
471 1099 594 1139 Ibide.
653 1099 735 1140 Sed
767 1098 967 1140 abstineo.

285 1314 333 1354 Ut
364 1314 468 1354 nulla
503 1326 584 1354 non
613 1320 726 1367 parte
759 1316 893 1357 officio
925 1317 1096 1370 hospitis
1126 1319 1225 1358 satis
1257 1319 1410 1358 faceret
1436 1317 1600 1368 Hecale,
1632 1322 1701 1358 ut-

174 1396 250 1436 que
281 1386 411 1426 omnis
443 1387 710 1438 explicaretur
728 1400 876 1441 parvae
909 1389 1050 1429 domus
1073 1392 1364 1443 opportunitas,
1393 1391 1511 1430 etiam
1539 1394 1701 1430 noctem

175 1460 424 1511 transegisse
456 1461 652 1502 Theseum
679 1463 718 1501 in
751 1462 884 1502 humili
918 1464 1076 1516 tugurio
1108 1465 1296 1503 coniicio.
1355 1464 1528 1504 Accedit
1556 1474 1700 1503 caussa

175 1529 313 1570 altera.
374 1532 490 1579 Quod
520 1534 694 1574 instabat
722 1534 880 1574 Theseo
911 1535 997 1586 iter,
1030 1548 1132 1588 quae
1164 1536 1381 1588 expeditio,
1412 1536 1461 1575 ab
1482 1535 1631 1574 Hecale
1663 1536 1704 1575 in

176 1613 355 1654 campum
388 1604 700 1656 Marathonium,
730 1606 924 1647 adversus
958 1612 1134 1658 taurum,
1166 1619 1281 1659 quum
1315 1619 1384 1659 per
1415 1618 1460 1646 se
1490 1618 1571 1646 non
1600 1606 1704 1646 mul-

174 1677 253 1714 tum
294 1677 485 1727 temporis
519 1682 736 1729 posceret,
781 1678 978 1731 siquidem
1013 1691 1143 1731 neque
1185 1680 1261 1718 iter
1301 1679 1491 1732 longum,
1533 1683 1573 1718 et
1614 1690 1703 1718 cum

175 1750 290 1786 tauro
320 1749 559 1800 congressio
601 1761 648 1788 ac
688 1761 821 1802 pugna
867 1750 1028 1790 brevem
1075 1750 1225 1790 habere
1270 1750 1458 1790 debuisse
1502 1754 1702 1800 eventum,

176 1818 263 1857 sive
294 1830 383 1858 eum
416 1820 573 1860 felicem
602 1822 688 1860 sive
719 1820 947 1872 infelicem,
978 1823 1160 1863 videtur:
1206 1827 1337 1862 tamen
1382 1822 1634 1874 antiquitati,
1666 1826 1706 1861 et

177 1891 242 1943 qui
275 1890 323 1931 ad
358 1892 570 1943 opiniones
602 1893 811 1933 fabulosae
853 1895 1096 1946 antiquitatis
1141 1907 1234 1935 sese
1281 1894 1704 1944 accommodaverunt,

179 1961 309 2012 poetis
342 1962 458 2003 aliter
488 1964 616 2004 visum
651 1970 724 2004 est.
771 1965 904 2004 Visum
933 1970 995 2005 est
1030 1970 1174 2016 autem,
1208 1978 1286 2018 quo
1318 1979 1502 2019 magnam
1527 1979 1574 2007 ac
1596 1966 1706 2006 diffi-

180 2034 294 2073 cilem
327 2034 448 2074 fuisse
480 2035 777 2087 expeditionem
809 2042 1032 2089 appareret,
1063 2039 1180 2077 etiam
1210 2039 1400 2089 temporis
1423 2038 1593 2090 quadam
1612 2038 1708 2077 lon-

177 2104 357 2156 gitudinc
391 2117 489 2158 opus
522 2119 626 2147 esse.
699 2109 787 2156 Quo
831 2109 977 2149 sactum
1022 2114 1109 2160 est,
1151 2114 1192 2149 ut
1233 2110 1348 2161 qnasi
1393 2110 1708 2150 extenderentur

179 2178 317 2217 brevia
349 2190 420 2229 per
451 2189 495 2218 se
527 2181 652 2230 spatia
683 2180 776 2230 loci,
807 2185 845 2220 et
874 2192 1060 2233 magnum
1093 2186 1136 2221 ut
1167 2180 1372 2220 videretur
1401 2181 1492 2232 iter,
1525 2180 1630 2232 quod
1660 2192 1707 2220 re

178 2259 275 2287 vera
307 2259 387 2286 non
417 2259 604 2300 magnum
637 2249 793 2290 fuisset.
852 2250 895 2291 ld
924 2263 986 2290 me
1020 2251 1180 2302 quidem
1213 2252 1383 2291 maxime
1415 2253 1611 2294 Molorchi
1640 2253 1709 2294 hi-

179 2320 330 2359 storiae
362 2320 606 2371 comparatio
638 2319 785 2360 docuit.
857 2321 900 2361 ln
946 2334 1019 2373 qua
1062 2323 1095 2362 si
1140 2328 1503 2376 quae1·atur,-quo
1545 2323 1706 2364 tandem

182 2402 281 2442 opus
314 2391 433 2432 suerit
463 2393 672 2433 intervallo
704 2394 866 2445 triyz'nta
898 2395 1067 2446 dierum,
1101 2406 1217 2447 quum
1249 2400 1380 2435 tamen
1401 2396 1595 2437 Molorchi
1629 2398 1710 2438 do·-

180 2463 368 2504 micitium
399 2465 620 2516 proximum
656 2465 777 2504 l'uisse
809 2467 990 2518 regioni,
1022 2468 1061 2506 in
1094 2480 1168 2519 qua
1198 2468 1262 2508 leo
1292 2473 1544 2520 versaretur,
1575 2470 1708 2510 omnia

181 2535 389 2584 suadeant,
421 2536 566 2587 duplex
598 2542 734 2587 parata
765 2543 826 2576 est
857 2540 1096 2590 responsio:
1128 2541 1230 2588 una,
1264 2544 1442 2592 tempore
1475 2553 1573 2593 opus
1603 2542 1709 2582 Her-

183 2607 256 2645 culi
291 2607 437 2656 fuisse,
468 2614 507 2647 ut
543 2610 701 2647 leonem
747 2610 1011 2662 investigaret
1041 2616 1326 2663 excuteretque
1361 2624 1382 2651 c
1426 2613 1569 2663 cubili,
1600 2613 1707 2665 quod

184 2676 331 2715 indicat
360 2678 634 2729 Apollodorus
666 2681 790 2718 verbo
821 2677 1079 2730 μαστειῖσας,
1113 2684 1184 2721 etsi
1218 2683 1430 2724 Theocrito
1462 2684 1582 2724 XXV.
1612 2684 1704 2724 216.

187 2747 280 2786 223.
310 2760 396 2786 mim
442 2750 480 2788 in
517 2763 599 2790 rein
639 2763 791 2802 paucae
834 2752 958 2792 horae
989 2753 1209 2804 sufficiunt3
1255 2755 1410 2805 altera,
1447 2768 1549 2808 quae
1590 2756 1710 2796 tatius

185 2823 320 2872 patet,
365 2824 542 2871 tempore
583 2834 682 2875 opus
726 2824 877 2875 fuisse,
912 2828 951 2863 et
990 2826 1110 2867 inulto
1154 2831 1363 2879 tempore,
1406 2830 1446 2865 ut
1478 2832 1554 2867 ‘res
1593 2827 1708 2870 ficret
