1856 3126
764 103 1063 141 *176*-

155 228 274 266 esset.
392 221 673 274 ffloveyonicmz
712 221 872 272 scribo,
911 233 989 261 una
1029 219 1156 260 littera
1197 230 1265 269 m,
1308 217 1482 258 maxime
1525 220 1688 271 propter

154 310 312 338 vorsum
344 295 526 336 certatim
557 293 755 334 laudatum
783 304 804 331 a
832 292 930 332 viris
961 290 1121 341 doctis,
1154 289 1287 329 Ovidii
1317 289 1398 328 VII.
1419 288 1514 329 435.
1545 287 1691 337 011οώ-

155 383 229 422 que
258 368 351 408 Suis
383 378 553 405 securem
581 369 676 405 arat
698 365 925 416 Cromyona
953 363 1038 413 (vel
1057 362 1302 414 Cromyona)
1325 362 1502 401 colonus.
1560 360 1691 413 Vulgo

159 443 196 481 in
230 441 340 480 libris
370 444 576 479 auctorum
606 442 802 488 veterum,
833 439 1021 489 quantum
1052 434 1210 486 quidem
1230 433 1326 473 mihi
1358 432 1408 472 de
1437 431 1551 472 libris
1573 443 1691 472 com·

157 518 308 565 portum
343 516 416 562 est,
445 509 641 550 Plutarchi
674 516 732 558 (e.
762 520 801 561 g.
833 509 872 547 in
906 507 1000 547 edit.
1029 505 1211 557 Aldina),
1240 504 1423 556 Diodori,
1454 506 1495 544 et
1522 508 1692 556 putave-

154 588 226 626 rim
257 585 376 624 etiam
409 582 647 630 StraboniS,
690 581 886 632 scriptura
926 579 1133 631 praevalet
1177 577 1302 618 altera
1337 575 1612 630 Κρομμυώνς
1654 579 1693 615 et

159 654 404 708 Κρεμμύων
436 658 497 694 est
527 653 630 705 apud
660 652 902 704 Stephanum
935 651 1179 703 Byzantium.
1237 648 1286 688 Ut
1316 647 1401 687 fere
1431 647 1534 686 hanc
1564 647 1694 686 usita-

157 734 235 767 tam
268 727 393 767 fuisse
425 731 465 766 et
498 726 754 777 scriptionem
787 728 825 763 et
855 723 1228 775 prommciationem
1258 720 1502 769 existimem,
1537 719 1693 770 Κρομ-

157 795 297 850 μυώ1’;
329 802 449 850 utque
482 808 571 835 eum
602 807 716 835 usum
747 795 865 834 etiam
890 793 1123 837 Pausaniam
1157 796 1365 842 sequutum
1407 803 1499 831 esse
1531 790 1693 830 credam

161 882 211 910 eo
255 872 293 910 in
336 869 429 909 loco
467 870 533 920 qui
576 866 684 906 estI
726 866 792 916 27,
822 865 860 904 9.
919 863 1114 913 Ovidius,
1154 866 1397 914 praeeunte,
1439 867 1481 902 ut
1522 859 1695 909 videtur,

159 948 278 996 pocta
309 954 478 995 gracco,
511 941 577 992 qui
609 940 782 979 sortasse
815 937 886 976 suit
908 935 1196 983 Callimachus,
1223 934 1472 985 Cromyona.-
1502 933 1604 972 bene
1626 932 1695 981 illi,

159 1020 198 1055 et
229 1027 302 1055 suo
335 1014 443 1063 iure,
473 1013 529 1062 si,
558 1023 660 1063 quae
690 1009 849 1049 minime
881 1005 1178 1046 contemnenda
1208 1006 1441 1044 coniectura
1487 1008 1571 1055 est,
1614 1015 1694 1043 no·-

158 1098 250 1126 men
284 1086 375 1125 loco
407 1081 608 1135 κρόμμυα
647 1081 856 1121 dederunt.
922 1078 990 1119 Sin
1021 1090 1043 1117 a
1075 1076 1220 1117 Cromo
1252 1088 1426 1126 nomen,
1458 1087 1560 1127 quae
1590 1075 1697 1115 Pau-

159 1156 298 1197 saniae
329 1156 373 1196 ll.
410 1156 444 1205 1,
480 1153 518 1194 3.
555 1152 778 1193 sententia:
819 1150 1002 1190 Cronium
1038 1149 1144 1189 hunc
1192 1145 1365 1201 Κρόμον
1394 1146 1546 1198 fuisse,
1577 1151 1696 1199 atque

160 1227 254 1266 inde
291 1226 559 1278 Κρομυῶνα,
602 1223 779 1262 editores
817 1225 992 1261 statuunt
1031 1220 1277 1270 Pausaniae,
1317 1230 1398 1258 non
1433 1215 1624 1271 Κρώμου
1657 1221 1697 1257 et

162 1299 407 1350 Κρωμύων,
437 1302 479 1337 ut
512 1302 573 1337 est
604 1296 642 1336 in
671 1295 796 1335 libris.
856 1294 971 1343 Quod
1002 1293 1159 1346 scripsi,
1189 1293 1286 1333 nihil
1313 1304 1377 1332 me
1409 1290 1458 1331 de
1487 1290 1625 1332 Sinide
1657 1293 1697 1330 et

163 1369 212 1407 110
242 1369 319 1408 Sue
353 1368 568 1408 indicatum
600 1369 639 1407 in
671 1367 923 1420 Fragmentis
955 1365 1148 1417 reperire,
1179 1363 1301 1403 nolim
1332 1364 1385 1403 ita
1417 1364 1560 1415 accipi,
1593 1375 1640 1403 ac
1661 1361 1697 1403 si

161 1442 283 1480 mirer
316 1440 408 1491 1100,
441 1444 558 1491 atque
588 1439 681 1478 inde
711 1438 924 1478 coniiciam
957 1437 1199 1476 mentionem
1233 1436 1371 1475 horum
1402 1435 1504 1487 apud
1536 1439 1695 1486 poetam

164 1520 229 1554 aut
260 1514 403 1553 nullam
437 1517 502 1552 aut
532 1517 680 1552 tantum
710 1512 987 1552 brevissimam
1033 1510 1168 1549 fuisse.
1238 1507 1408 1548 Fuerunt
1439 1507 1540 1559 apud
1576 1507 1699 1546 Calli-

163 1588 346 1627 1nachum
376 1589 554 1625 monstra
585 1585 647 1624 illa
681 1585 826 1624 omnia.
887 1584 1005 1623 Cuius
1035 1582 1196 1635 longior
1222 1581 1390 1621 historia
1424 1580 1555 1630 suerit,
1586 1578 1697 1619 cuius

164 1659 294 1698 obiter
323 1660 472 1695 tantum
506 1654 612 1694 sacta
642 1655 819 1694 mentio:
861 1658 904 1693 ut
934 1664 1032 1692 sanc
1062 1651 1269 1703 probabile
1305 1657 1384 1702 est,
1412 1652 1453 1691 in
1483 1663 1563 1692 uno
1591 1639 1697 1704 poe-

164 1736 241 1771 tam
280 1729 423 1767 diutius
455 1731 651 1766 moratum
682 1737 774 1765 esse
804 1737 920 1777 quam
951 1725 990 1764 in
1022 1723 1172 1763 altero:
1209 1722 1248 1762 id
1278 1735 1381 1763 nunc
1413 1721 1598 1775 dignosci
1620 1733 1699 1761 ne·-

165 1804 260 1855 quit.
320 1802 431 1840 Viam
462 1799 608 1839 Thesei
640 1803 679 1838 et
709 1809 790 1837 non
820 1797 980 1836 multum
1011 1797 1114 1835 inter
1142 1807 1187 1835 se
1220 1795 1482 1835 loco-distare
1499 1794 1700 1846 Cromyo-

164 1888 253 1915 nem
287 1878 326 1913 et
345 1873 525 1913 Scironis
544 1872 771 1923 Sinidisque
803 1869 1087 1909 habitationem
1122 1867 1255 1907 discas
1287 1880 1338 1906 ex
1359 1867 1570 1918 Strabone,
1599 1864 1697 1906 Vlll.

164 1960 202 2000 p.
227 1946 322 1986 3250.
355 1944 494 1995 (583.)
529 1949 567 1984 et
597 1944 664 1983 lib.
695 1943 761 1983 IX.
791 1943 878 1982 init.
940 1941 997 1981 Cf.
1030 1941 1196 1980 Pausan.
1228 1939 1272 1979 ΙΙ.
1309 1942 1343 1990 1,
1376 1940 1414 1980 3.
1444 1937 1484 1980 4.

277 2017 485 2058 Scironem
535 2015 754 2054 habemus:
800 2013 958 2064 Fragm.
1003 2009 1304 2051 CCCLXXVlll.
1340 2021 1391 2049 ex
1435 2007 1612 2060 Hecale,
1657 2013 1701 2050 ut

167 2090 370 2141 coniieio,
403 2093 442 2128 et
473 2101 524 2128 ex
550 2088 625 2127 hac
658 2088 697 2126 in
729 2097 804 2138 qua
834 2096 940 2124 nunc
978 2096 1187 2123 versamur
1215 2087 1340 2135 parte.
1397 2081 1531 2122 Schol.
1563 2081 1698 2133 Eurip.

163 2162 319 2215 Hippol.
352 2160 448 2201 979.
479 2159 593 2210 (976.
625 2157 781 2208 Meum.)
813 2157 1097 2209 Σκειρωνίδες.
1143 2153 1162 2195 ὁ
1193 2154 1376 2206 Σκείρων
1407 2155 1450 2194 ἐν
1478 2152 1700 2206 ΙΙΙεγοέροις

162 2229 225 2288 ἦν,
257 2232 462 2286 τύραννος
494 2232 605 2281 ξένος
633 2225 797 2279 (ἄξενος
827 2229 933 2268 coni.
965 2227 1204 2278 Valeken.)‚
1235 2222 1279 2266 ὃν
1309 2227 1359 2281 τῇ
1385 2221 1548 2281 χελώνῃ
1581 2222 1701 2279 ἕῤῥι-

163 2316 244 2357 ψεν
275 2302 296 2344 ὃ
329 2300 506 2358 Θησεύς.
624 2299 899 2352 Σκειρωνίὸες
946 2297 992 2339 δὲ
1030 2297 1181 2350 πέτραι
1227 2297 1454 2336 καλοῦνται
1502 2291 1585 2334 ἀπὸ
1626 2290 1701 2336 τοῦ

163 2376 406 2431 Σκείρωνος,
433 2371 478 2422 ὃς
510 2372 584 2427 τήν
611 2370 799 2426 χελώνην
831 2370 1015 2426 ἔτρεφεν,
1042 2363 1092 2409 οὗ
1121 2369 1397 2422 μέμνηται
1424 2367 1700 2418 Καλλίμα-

164 2465 269 2502 χος.
329 2442 452 2496 οὗτος
484 2443 687 2500 ἠνάγκαζε
727 2442 825 2490 τούς
854 2440 1086 2496 παριόντας
1119 2440 1277 2482 νίπτειν
1305 2437 1401 2487 τούς
1442 2438 1600 2490 πόδας,
1631 2439 1704 2479 καί

163 2520 484 2571 λακτιζομένους
515 2517 583 2557 ὑπ’
614 2515 746 2556 adzo&
780 2516 934 2567 βρῶμα
969 2514 1099 2554 ἐποίει
1129 2514 1323 2566 γίνεσθαι
1353 2506 1552 2565 χελώνης.
1615 2510 1701 2564 Θη-

165 2591 264 2638 σεὺς
297 2593 342 2631 δὲ
375 2592 522 2631 τοῦτον
553 2586 750 2640 ὑπεράνω
779 2588 848 2640 τῆς
885 2587 1070 2640 κεφαλῆς
1100 2584 1232 2639 ῥίψας
1263 2584 1322 2632 εἰς
1365 2581 1438 2637 τήν
1481 2581 1700 2624 θάλασσαν

164 2662 333 2713 ἐποίησε
361 2659 585 2713 βρωθῆναι
613 2655 694 2695 ὑπὸ
726 2657 800 2710 τῆς
825 2653 1025 2710 χελώνης.
1082 2655 1292 2708 Adscripsi
1321 2655 1468 2705 omnia,
1501 2654 1591 2706 quia
1622 2651 1697 2691 ista

166 2732 250 2770 sere
281 2730 440 2780 omnia,
471 2743 572 2782 quae
608 2736 698 2770 sunt
739 2731 780 2769 in
822 2729 978 2770 scholio
1009 2729 1248 2781 posteriori:
1280 2740 1372 2768 nam
1418 2728 1580 2779 apparet
1619 2724 1697 2766 duo

165 2816 258 2843 csse
287 2803 466 2844 scholia:
501 2803 751 2856 complexum
797 2814 888 2843 esse
931 2802 1128 2843 Theseum
1161 2799 1390 2842 Callimachi
1431 2798 1544 2838 brevi
1566 2826 1578 2844 ‚
1625 2797 1698 2838 sed
