1856 3126
753 118 1059 155 —167ffl

143 237 354 286 lilausen.)
385 237 564 287 Κάπρος
595 234 919 286 (Erymanthius)
953 228 1002 287 ἧν
1032 231 1076 274 ἐν
1107 235 1165 290 τῷ
1195 227 1306 284 ὄρει,
1340 227 1413 270 καὶ
1442 224 1542 274 τούς
1577 226 1672 266 Ψω-

145 309 316 364 φιὸιόυς
348 303 454 347 κακά
487 302 605 344 πόλλ’
632 302 787 357 ἔοργεν.
848 305 982 346 Potest
1010 305 1096 344 fieri
1124 309 1266 344 utnon
1297 314 1456 354 semper
1476 302 1676 347 annotem,

143 380 210 419 ubi
253 390 360 419 nove
403 379 522 428 alque
565 374 788 415 insolenter
824 375 1052 428 loquentem
1097 375 1376 415 Callimachum
1422 371 1556 411 video.
1628 371 1679 410 At

146 449 296 500 ἔλλερα
328 448 500 488 sortasse
543 446 692 497 primus
722 458 769 487 ac
799 447 910 487 solus
942 458 1061 486 ausus
1093 451 1154 487 est
1181 446 1361 485 scribere
1380 476 1390 495 ,
1421 456 1471 482 ex
1504 442 1678 482 dialecto

145 521 330 574 quadam,
365 519 415 559 de
446 530 522 570 qua
555 518 769 557 obscurum
803 517 905 570 apud
933 516 1181 557 Eustathiuin
1217 517 1256 556 in
1287 515 1396 556 Iliad.
1429 513 1491 553 Vl.
1520 513 1610 552 181.
1641 524 1677 564 p.

144 592 240 642 635,
270 592 308 630 5.
342 590 555 630 indicium:
587 587 932 644 Βελλεροφόντης
962 612 1012 620 —
1040 586 1379 642 Ἐλλεροφόντης,
1410 580 1495 638 ἤτοι
1526 580 1682 639 φονεύς

143 663 310 709 κακίας·
341 658 490 714 ἔλλερα
521 658 601 713 γάρ
632 675 737 714 φασι
768 658 876 700 κατὰ
899 657 1115 699 διάλεκτον
1146 656 1194 698 τά
1220 656 1349 697 nand:
1381 657 1445 696 vel
1478 656 1564 696 sola
1596 655 1681 694 fre-

144 737 207 773 tus
235 733 423 786 analogia
455 732 628 772 nominis
662 728 1019 784 Βελλεροφόντης,
1053 729 1158 781 quod
1194 730 1281 781 ipse
1313 741 1402 768 cum
1437 729 1523 768 aliis
1555 729 1684 766 inter-

146 810 371 857 pretaretur
401 819 424 846 e
458 807 718 846 coniectura:
746 800 1077 856 Ἐλλεροφόιντης,
1111 799 1264 857 φονεὺς
1294 800 1454 847 κακίας.
1512 801 1571 840 De
1603 800 1682 839 Ze-

147 876 299 916 nodolo
329 889 455 929 grave
487 882 548 917 est
581 876 849 917 testimonium
879 873 1096 923 Eustathii,
1126 873 1232 925 quod
1270 873 1374 925 apud
1407 872 1601 925 lffleynium
1631 870 1681 909 ad

143 947 211 989 lib.
242 949 303 988 vl.
336 949 403 988 ubi
430 952 657 1000 exspectes,
687 957 768 985 non
797 944 981 996 reperio:
1015 944 1052 983 in
1085 942 1194 982 lliad.
1217 942 1262 983 ll.
1297 941 1390 984 569.
1424 953 1465 993 p.
1500 940 1592 991 289,
1612 941 1680 981 38,

142 1020 217 1061 καί
243 1019 262 1061 ὁ
290 1020 633 1074 Βελλεροφόντης
666 1019 711 1058 δέ
741 1032 873 1072 φασιν
897 1012 1228 1069 Ἑλλεροφόντης
1256 1012 1299 1053 ἐν
1329 1017 1414 1061 τοῖς
1440 1010 1682 1065 Ζηνοδότου

144 1089 338 1146 εὕρηται.
396 1094 504 1134 Unus
533 1091 707 1130 sortasse
743 1093 903 1141 praeter
932 1087 1214 1128 Callimachum
1247 1083 1398 1138 ἔλλερα
1432 1089 1550 1137 poeta
1587 1084 1684 1124 dixit

146 1162 196 1214 is,
228 1175 280 1202 ex
309 1174 387 1215 quo
420 1162 523 1215 apud
552 1162 714 1204 Suidam
746 1152 1170 1212 corruptest'Ezev‘gJa
1201 1155 1317 1209 ἔργα.
1348 1156 1414 1196 uhi
1438 1169 1542 1197 nunc
1564 1157 1683 1197 Gais-

144 1234 250 1275 ford.
269 1229 454 1288 ’Έλλερα
479 1231 598 1286 ἔργα.
654 1233 696 1272 In
727 1232 877 1272 Lexico
909 1232 1008 1284 Reg.
1040 1230 1118 1270 MS.
1149 1229 1253 1281 apud
1282 1230 1502 1270 Allicrtium
1527 1229 1576 1268 ad
1599 1229 1683 1268 He-

145 1307 258 1359 sych.
289 1319 326 1347 v.
350 1301 536 1357 ’Έλλερα
565 1310 605 1345 et
636 1305 738 1358 apud
769 1305 965 1344 Zonarain
993 1305 1076 1343 sic:
1099 1297 1299 1354 ’Έλλερω
1324 1298 1468 1356 φόνια,
1499 1298 1683 1354 χαλεποὶ,

144 1377 269 1418 κακά.
302 1375 450 1429 ἔλλερα
481 1375 595 1429 ἔργα.
633 1381 672 1416 et
704 1376 806 1428 apud
837 1375 1098 1415 Favorinum:
1132 1374 1313 1426 Ἑλλέρα,
1346 1372 1489 1428 φόνια,
1517 1371 1684 1425 χαλεπὰ

143 1445 258 1502 ἔργα.
317 1449 400 1489 Nisi
431 1448 509 1488 hoc
543 1460 701 1501 quoque
733 1448 783 1489 ad
815 1447 1096 1487 Callimachum
1127 1447 1345 1498 pertineat:
1375 1442 1479 1498 ἔργα
1508 1446 1682 1485 sortasse

144 1521 366 1574 appositum
398 1521 445 1561 ab
479 1522 612 1573 aliquo
642 1520 905 1573 grammatico
935 1519 1214 1570 explicationis
1244 1530 1402 1558 caussa.
1461 1517 1538 1558 Sed
1560 1529 1684 1569 prac-

148 1597 225 1633 stat
255 1605 326 1644 pro
355 1598 500 1645 poetae
531 1593 697 1633 alicuius
727 1592 862 1632 verbis
886 1590 1027 1630 haberi
1060 1587 1208 1641 ἔλλερα
1239 1587 1354 1642 ἔργα.
1413 1592 1464 1629 At
1492 1589 1683 1642 Hesychii

144 1664 308 1717 glossa:
330 1659 529 1715 ’Ἑλλερω
562 1661 713 1715 ἐχθρά,
743 1663 941 1714 πολέμια,
967 1655 1106 1712 ἄδικα,
1140 1661 1189 1700 ad
1211 1660 1493 1701 Callimachum
1528 1665 1685 1713 spectat

144 1735 251 1776 haud
283 1737 417 1788 dubie,
450 1737 515 1788 qui
545 1732 695 1788 ἕλλερα
724 1733 852 1775 πολλὰ
885 1733 1064 1774 absolute
1093 1733 1276 1784 scripsit,
1308 1733 1432 1772 multa
1460 1732 1599 1773 noxia.
1644 1738 1685 1773 ut

147 1807 241 1847 alibi
273 1807 505 1861 ἀλιτήμονα
539 1806 685 1848 πολλά.
773 1807 980 1859 Origincm
1004 1817 1120 1845 rarae
1146 1806 1261 1844 vocis
1284 1806 1318 1844 si
1346 1806 1556 1854 scruteris,
1588 1805 1684 1844 nihil

147 1884 210 1920 est
238 1880 324 1920 veri
353 1881 481 1933 magis
511 1879 652 1929 simile,
685 1892 801 1931 quam
835 1890 943 1928 esse,
974 1882 1015 1917 ut
1041 1877 1303 1930 Etymologus
1336 1890 1370 1929 p.
1395 1877 1490 1926 331,
1508 1878 1574 1918 32.
1597 1882 1685 1917 sta-

149 1953 246 2003 tuit,
279 1950 470 1992 ὀλλύντα.
528 1951 608 1992 Sed
645 1952 852 1991 audiamus
881 1951 1185 2003 EtymoIogum,
1217 1951 1281 2002 qui
1322 1951 1494 1990 sortasse
1538 1948 1684 2002 aliquid

149 2023 269 2063 docet
297 2022 485 2074 amplius:
514 2022 691 2076 Ἐλλέρα
712 2048 768 2055 --
788 2019 950 2075 ο’λλι’ρα
974 2019 1064 2062 τινά
1092 2017 1206 2075 ὄντα,
1235 2020 1417 2062 ὀλλύντα
1443 2019 1515 2061 καί
1540 2019 1685 2076 ἐζῖςῗειν

147 2095 362 2135 ποιοῦντα.
419 2093 570 2133 Eadem
599 2094 778 2134 Lexicon
808 2093 902 2133 illud
930 2093 1007 2135 MS.
1031 2094 1130 2146 Reg.
1160 2097 1199 2133 et
1221 2093 1400 2133 Zonaras
1433 2106 1520 2132 cum
1554 2093 1685 2144 aliqua

150 2169 342 2206 accentus
374 2166 583 2205 varietate.
642 2166 685 2205 ln
718 2165 859 2217 quibus
890 2165 985 2205 mihi
1024 2162 1164 2219 ἔῤῥειν
1192 2165 1358 2205 verbum
1390 2166 1520 2204 statim
1556 2164 1686 2204 auda-

150 2237 252 2277 ciam
284 2237 515 2277 Callimachi
546 2237 676 2287 aliam,
708 2249 824 2289 quam
852 2248 972 2289 supra
1003 2237 1096 2289 Cap.
1130 2236 1158 2276 1.
1195 2248 1232 2288 p.
1263 2236 1331 2276 48.
1373 2235 1501 2275 mirati
1531 2246 1684 2285 sumus,

147 2310 189 2348 in
219 2313 391 2348 mentem
422 2310 645 2359 revocavit,
672 2309 830 2362 Fragm.
867 2309 1048 2349 CCXCII.
1081 2306 1220 2348 ἔλλετε
1251 2320 1323 2360 pro
1358 2305 1515 2360 ἐρ’ῥετε.
1573 2307 1684 2359 Ergo

148 2381 243 2420 mihi
273 2380 374 2420 haec
403 2391 495 2421 sese
522 2380 721 2420 illustrare
747 2379 934 2429 invicem,
963 2384 1003 2419 et
1033 2384 1206 2431 cognata
1233 2390 1324 2417 csse
1346 2375 1495 2431 ἔρρειν,
1521 2373 1684 2430 ἐρ’ῥετε,

147 2449 312 2501 ἔλλετε,
341 2448 518 2504 ἔλλερα,
562 2455 641 2490 tam
685 2451 790 2490 inter
818 2462 863 2491 se
904 2462 1020 2503 quani
1051 2462 1140 2490 cum
1188 2450 1316 2490 forma
1358 2449 1498 2502 altera⁸¹
1532 2441 1686 2499 ὅλλυμι

147 2523 342 2564 videntur.

261 2592 377 2641 Quod
407 2591 573 2632 alterum
603 2591 695 2631 loco
731 2589 834 2631 laud.
866 2590 958 2642 Cap.
990 2591 1018 2631 Ι.
1053 2591 1221 2632 tractavi
1263 2591 1527 2643 fragmentum
1561 2589 1681 2630 Calli-

144 2662 297 2713 machi,
327 2675 434 2703 nunc
460 2667 502 2702 ut
544 2661 594 2702 de
626 2662 799 2703 dialecto
840 2662 1095 2712 Callimachi,
1134 2662 1172 2701 h.
1202 2674 1236 2701 e.
1280 2663 1415 2702 verbis
1463 2662 1683 2714 formisque

145 2734 390 2786 verborum,
435 2744 537 2785 quae
588 2744 639 2772 ex
681 2732 863 2772 dialectis
910 2733 1107 2772 derivavit
1147 2733 1277 2785 paullo
1318 2732 1511 2772 audacior
1550 2737 1683 2784 poeta,

147 2805 336 2845 nonnulla
368 2803 563 2858 disputem
595 2803 740 2855 obiter,
773 2803 973 2844 admonet.
1026 2804 1189 2846 Scilicet
1217 2805 1255 2844 in
1276 2805 1516 2858 Fragmento
1543 2804 1681 2844 CXXI.
