1856 3126
771 122 1047 160 -70-

145 238 211 277 liis
237 237 288 277 ad
317 247 405 277 eam
439 235 613 277 fabulam
641 239 870 289 prostantes
893 236 972 277 loci
993 236 1223 277 Callimachi
1251 234 1480 287 ostendunt,
1513 248 1679 289 quorum

143 319 244 348 unus
271 307 422 347 diserto
452 307 705 358 testimonio,
734 307 834 348 alter
861 321 883 348 a
916 308 1034 347 nobis
1073 308 1221 348 indicio
1252 320 1303 348 cx
1342 319 1387 348 re
1427 309 1524 348 satis
1566 313 1678 348 certo

142 379 194 418 ad
236 378 413 418 Hecalen
460 379 646 419 refertur.
680 393 717 420 v.
757 380 826 419 inf.
863 381 956 432 Cap.
993 381 1054 420 Vl.
1140 380 1240 433 παρ’
1280 375 1397 435 αὖτῷ
1427 380 1589 431 scripsit
1629 381 1678 420 A.

141 449 356 500 Matthiae,
388 451 500 491 cuius
531 451 649 491 etiam
686 453 921 492 coniectura
953 456 1016 491 est
1048 450 1193 506 φασίν.
1251 451 1395 504 vulgo:
1437 453 1536 504 παρ’
1570 452 1680 508 αὐτᾷ

142 522 214 576 δὲ,
244 523 373 576 φησίν
401 546 456 553 -
495 522 602 562 unde
640 523 855 563 Barnesius
893 523 1047 562 fecerat
1083 523 1184 574 παρ’
1218 521 1328 578 αὐτᾷ
1375 522 1571 572 (Aethra)
1609 524 1679 572 δὲ,

142 591 273 648 φησίν
303 593 584 645 Πλούταρχος
615 595 755 644 (Thes.
790 607 826 635 c.
855 598 894 636 4.
925 601 965 636 et
995 595 1073 645 6.),
1106 592 1127 635 ὅ
1164 595 1214 635 Θ.
1247 594 1387 635 ἑπαιὸ.

253 664 440 715 Sequitur
468 665 704 706 Troezeniis
734 667 907 707 maxime
936 667 1111 719 propria,
1142 670 1184 706 ut
1213 665 1338 705 refert
1356 663 1589 715 Pausanias,
1608 663 1681 703 sed

142 734 224 775 late
252 734 347 774 inde
378 735 581 788 divulgata
608 736 789 777 historia.
846 738 1011 791 Aegeus
1033 737 1242 777 Troezene
1266 736 1420 786 abiens,
1450 746 1682 788 compressa

142 806 309 858 Aethra,
338 807 480 847 Pitthei
510 807 603 859 filia,
638 808 816 861 gladium
845 811 918 850 sub
953 820 1054 850 saxo
1086 808 1298 849 abdiderat
1325 812 1366 848 et
1401 807 1578 857 calceos,
1605 808 1680 847 πέ-

146 879 267 929 διλα,
299 879 533 930 κρηπῖδας,
559 879 836 931 γνωρίσματα
865 876 975 921 εἶναι
1003 881 1063 935 τῷ
1088 880 1238 928 παιδί,
1275 891 1378 932 quae
1411 882 1504 919 sunt
1531 878 1683 918 Pausa-

145 950 239 990 niae
267 949 295 989 Ι.
314 949 439 999 27,8.
470 950 615 990 verba:
648 950 727 990 hoc
756 951 961 1004 mandato,
991 951 1200 992 Plutarcho
1231 951 1399 1004 aliisque
1431 949 1683 999 testantibus,

144 1025 189 1062 ut
214 1021 367 1061 Aethra
398 1033 514 1073 quem
559 1023 783 1073 peperisset
810 1033 1004 1073 puerum,
1046 1023 1081 1062 si
1119 1027 1258 1074 posset
1300 1023 1458 1063 adultus
1502 1022 1685 1063 attollere

146 1105 288 1133 saxum
317 1097 357 1133 et
386 1092 546 1131 anferre
577 1093 678 1142 ista,
714 1092 790 1145 ipsi
830 1092 943 1133 hisce
987 1104 1076 1133 cum
1114 1093 1241 1145 signis
1283 1093 1471 1134 mitteret.
1528 1094 1684 1147 Fragm.

147 1164 280 1206 LXVI.

313 1238 359 1278 ἐν
387 1233 468 1288 γάρ
498 1250 572 1287 μιν
608 1238 804 1290 Τροιζῆνι
835 1233 1063 1291 κολουραίῃ
1095 1233 1176 1275 ὑπὸ
1204 1235 1334 1290 πέτρῃ

315 1310 423 1360 θῆκε
455 1306 535 1348 σύν
566 1307 827 1361 ἁρπίδεσσιν.

149 1395 252 1431 μιν,
283 1378 486 1431 gladium3
525 1383 564 1419 et
593 1391 729 1420 sermo
759 1385 821 1421 est
848 1380 899 1421 de
934 1380 1091 1434 Aegeo.
1151 1383 1264 1429 Quae
1294 1380 1418 1421 verba
1448 1390 1560 1420 suam
1601 1380 1686 1432 ipsa

149 1451 227 1490 sibi
256 1450 395 1490 sedem
425 1451 466 1490 in
493 1450 642 1491 Hecale
669 1456 853 1506 poscunt,
881 1457 923 1492 ut
953 1456 1064 1492 recte
1086 1465 1108 1492 a
1129 1452 1310 1492 Bentleio
1339 1453 1444 1492 inter
1462 1451 1686 1505 fragmenta

148 1521 320 1561 Hecales
357 1521 484 1562 relata
516 1523 621 1572 sint,
665 1523 742 1563 etsi
785 1523 852 1574 qui
895 1527 1240 1563 conservaverunt
1281 1523 1360 1563 hoc
1406 1522 1685 1575 fragmentum,

148 1593 318 1633 Tzetzes
337 1624 348 1644 ‚
378 1593 465 1644 alii,
495 1605 636 1634 omnes
669 1599 819 1634 tantum
850 1595 1138 1635 Callimachum
1165 1595 1351 1644 landant,
1380 1606 1463 1634 non
1494 1595 1689 1634 Callima-

151 1664 268 1704 chum
298 1665 341 1704 in
366 1664 528 1705 Hecale.
587 1665 758 1705 Tzetzae
792 1665 871 1705 duo
904 1664 985 1705 loci
1018 1665 1095 1706 huc
1129 1667 1355 1718 pertinent,
1399 1665 1559 1706 confusi
1591 1677 1689 1706 casu

152 1735 284 1788 aliquo
317 1736 421 1788 apud
451 1736 698 1785 Bentleium‚
727 1749 764 1789 p.
798 1736 865 1777 79.
899 1742 939 1777 et
968 1750 1004 1790 p.
1040 1737 1131 1777 167.
1166 1737 1230 1777 ed.
1276 1737 1366 1777 Bas.
1409 1737 1460 1776 ad
1489 1736 1687 1789 Lycophr.

149 1821 188 1848 v.
218 1807 316 1848 494.
348 1812 388 1847 et
421 1807 540 1848 1322.
599 1808 818 1860 Utrobique
854 1808 974 1861 vulgo
1004 1806 1105 1861 ἔργα
1136 1809 1183 1850 δέ
1210 1824 1285 1861 μιν
1313 1825 1378 1862 τρ.
1407 1809 1581 1862 legitur,
1611 1809 1689 1860 vel,

149 1880 378 1931 posteriore
409 1878 568 1932 quidem
596 1879 716 1930 loco,
746 1881 782 1920 si
809 1879 910 1919 fides
937 1880 1134 1931 Mullero,
1167 1877 1270 1934 ἔργα
1299 1895 1374 1932 μιν
1403 1896 1464 1933 tp.
1533 1882 1578 1922 ὲν
1604 1878 1686 1935 γάρ

148 1964 223 2003 μιν
251 1950 452 1991 Bentleius
480 1962 531 1990 ex
557 1949 786 2004 Etymolog.
807 1950 858 1991 M.
880 1963 918 1991 v.
934 1946 1097 2004 εΑρπίς,
1125 1952 1193 1992 ubi
1215 1951 1318 1992 haec
1345 1956 1513 1992 tantum:
1543 1954 1587 1994 ἐν
1604 1948 1685 2005 γάρ

148 2035 225 2071 μιν
258 2021 455 2073 Τροιζῆνι
489 2023 595 2074 θῆκε
635 2019 717 2062 σὺν
757 2021 1024 2076 οἱρπίδεσσιν.
1095 2023 1311 2064 Vulcanius
1356 2025 1397 2064 in
1437 2023 1685 2077 Fragtnentis

151 2091 382 2132 Callimachi
413 2103 464 2131 ex
493 2091 748 2146 Etymologio
781 2093 963 2133 collectis
994 2106 1029 2146 p.
1064 2095 1153 2135 170.
1184 2095 1249 2135 vel
1291 2107 1328 2148 p.
1360 2095 1454 2136 350.
1495 2094 1558 2138 ed.
1588 2094 1683 2135 Ern.

153 2161 215 2203 sic
242 2161 378 2202 laudat
405 2174 457 2203 ex
475 2162 783 2216 Etymologico:
810 2162 874 2204 'Ev
894 2165 973 2215 μὲν
1000 2164 1080 2217 γάρ
1114 2165 1299 2218 τροιζῆνι
1325 2167 1430 2219 θῆκε
1453 2165 1533 2207 σὺν
1553 2164 1686 2218 ἀρηί-

149 2236 263 2274 dem:
295 2234 402 2274 unde
433 2238 721 2286 pentametrum
753 2235 980 2274 excudebat
1008 2235 1051 2274 T.
1085 2236 1243 2279 Faber:
1281 2232 1334 2289 ἢν
1371 2238 1450 2287 μὲν
1488 2237 1685 2290 Τροιζῆνι

147 2305 254 2359 θῆκε
279 2303 361 2345 σύν
391 2304 603 2358 apameae.
660 2305 893 2359 Sylburgius
916 2306 968 2346 ad
988 2306 1158 2359 Etymol.
1180 2307 1456 2348 hexametrum
1485 2309 1683 2352 faciebat:

148 2376 192 2415 ἐν
221 2375 300 2428 γάρ
331 2390 407 2427 μιν
441 2376 637 2429 Τροιζῆνι
666 2373 745 2416 σύν
774 2372 1023 2429 ἁρπίὸεσσιν
1050 2374 1188 2431 ἔθηκε,
1217 2377 1281 2417 vel
1299 2382 1609 2430 pentametrum:
1639 2381 1684 2421 ἐν

147 2444 230 2498 γάρ
267 2447 465 2499 Τροιζῆνι
497 2448 602 2501 θῆκε
640 2443 719 2486 σύν
759 2445 971 2498 ἁρπίὸεσι.
1041 2448 1204 2490 Scilicet
1246 2450 1488 2503 ignorabant
1527 2451 1682 2503 plenius

148 2515 250 2556 haec
281 2518 384 2569 apud
416 2518 588 2558 Tzetzen
621 2518 715 2571 legi.
773 2518 1116 2560 Hemsterhusium
1153 2520 1247 2573 quid
1289 2523 1581 2573 commoverit,
1625 2526 1680 2572 ut,

148 2592 357 2639 postquam
390 2589 554 2630 inventa
586 2602 609 2630 a
638 2590 822 2630 Bentlcio
862 2592 1010 2631 veritas
1042 2596 1175 2644 esset,
1205 2592 1312 2632 aliud
1343 2597 1535 2633 tentaret:
1572 2588 1679 2645 ἅορα

145 2659 225 2707 μὲν
264 2661 457 2712 Τροιζῆνι
499 2675 536 2701 κ.
580 2657 624 2701 ὗ.
658 2679 699 2702 π.
743 2666 820 2702 etc.
859 2673 942 2702 non
989 2668 1150 2715 exputo.
1221 2665 1311 2704 Non
1358 2664 1598 2706 crediderim
1638 2665 1679 2703 in

149 2726 287 2777 tmesi,
316 2729 360 2766 ἐν
383 2729 460 2782 γάρ
496 2746 569 2781 μιν
605 2733 825 2786 Τροιζῆνι,
856 2732 1040 2773 haesisse
1071 2734 1423 2776 Hemsterhusium.
1464 2746 1544 2774 non
1573 2734 1679 2775 late-

147 2795 244 2837 bant
271 2799 391 2850 enim,
420 2805 528 2853 puto,
559 2803 685 2844 virum
715 2815 908 2845 summum
941 2804 1207 2846 Callimachea
1235 2805 1363 2847 haec:
1394 2806 1433 2847 h.
1454 2806 1593 2848 inlov.
1614 2807 1676 2848 10.
