1856 3126
752 120 1058 159 —151—

142 237 232 278 dem
270 237 355 290 ipse
382 238 620 287 meminerit,
646 240 899 289 pronunciat.
959 238 1056 278 Illud
1084 250 1164 279 non
1193 238 1352 278 multum
1385 247 1536 286 moror,
1571 234 1678 286 quod

138 309 357 349 secundum
387 314 605 360 temporum
640 311 844 359 rationes,
873 311 1011 362 quales
1045 323 1079 350 e.
1112 323 1154 363 g.
1186 323 1237 350 ex
1271 310 1445 349 Homero
1492 309 1677 349 Clemens

137 383 280 423 Strom.
314 381 341 422 Ι.
372 393 411 432 p.
449 381 543 420 381.
576 381 690 430 (3⁸21.
725 389 807 434 sq.)
850 383 995 429 efficit,
1035 383 1213 422 Theseus
1260 384 1387 422 maior
1429 381 1676 433 Tlepolemo,

139 465 269 505 eoque
297 453 426 492 minus
455 457 567 504 aptus
593 453 642 492 ad
671 466 753 492 rem
787 455 899 493 istam
933 455 1126 494 videatur.

248 527 308 565 De
337 530 432 577 potu
463 526 558 565 nihil
589 531 757 567 constat.
807 529 863 567 De
893 540 993 580 aqua
1015 527 1242 579 cogitabam
1266 538 1383 578 supra
1404 539 1441 578 p.
1462 526 1550 565 124.
1590 525 1679 572 Quo

138 601 270 636 tamen
315 608 394 636 non
439 597 662 637 excluditur
705 599 803 638 alius
848 598 1006 650 quidam
1050 603 1181 650 potus.
1239 600 1302 638 An
1353 598 1446 647 Iac,
1492 602 1532 636 ut
1577 596 1682 649 apud

136 668 398 709 Bronchum‘?
455 670 595 710 Vinium
642 683 723 710 non
765 672 1000 722 putaverim.
1062 671 1205 710 Verum
1253 683 1370 722 quum
1416 670 1551 709 scribo
1599 681 1681 708 non

133 740 380 792 putaverim,
412 753 544 793 neque
574 742 681 794 quod
711 742 805 781 mihi
834 754 1068 793 persuasum
1105 742 1179 792 sit,
1209 753 1340 792 neque
1371 741 1456 780 aliis
1491 742 1681 793 scriptum

138 813 190 852 ad
222 815 527 865 persuasionem
566 814 673 855 volo.
747 813 910 853 Scilicet
953 813 1246 865 simplicitatem
1295 814 1540 865 propositam
1586 813 1680 852 mihi

138 885 257 926 habui
289 887 327 926 in
362 885 597 926 adornanda
630 897 757 925 coena
797 885 980 925 Hecales,
1050 887 1102 926 At
1146 886 1217 925 suit
1259 886 1393 925 vinum
1442 885 1682 937 pauperibus

137 957 357 998 Philemoni
389 962 428 997 et
456 957 648 1007 Baucidi3
681 970 728 997 ac
760 958 830 997 suit
866 958 1038 998 sortasse
1073 958 1176 1010 apud
1204 957 1407 1007 Hecalen,
1440 968 1520 996 non
1555 956 1682 996 cuivis

137 1029 418 1082 apponendum
447 1030 617 1080 viatori,
652 1030 725 1070 sed
755 1035 1004 1070 reservatum
1038 1030 1328 1070 nobilioribus:
1371 1029 1516 1068 nullum
1549 1032 1681 1067 autem

138 1101 376 1142 nobiliorem
409 1102 566 1143 Theseo
599 1103 797 1155 hospitem
830 1103 977 1143 habuit.
1039 1104 1196 1142 Κυκεαῖ
1217 1103 1323 1142 illum
1353 1115 1402 1142 eo
1435 1102 1570 1151 modo,
1601 1113 1679 1154 quo

143 1174 285 1214 lactum
319 1178 405 1224 est,
440 1176 628 1227 accipere
661 1186 777 1226 quam
807 1175 885 1213 hue
922 1175 1076 1214 referre
1114 1175 1257 1225 malui,
1300 1175 1514 1226 quoniam,
1555 1175 1589 1213 si
1630 1173 1681 1212 de

141 1247 223 1286 sola
255 1247 320 1286 siti
352 1247 646 1299 exstinguenda
678 1252 882 1299 ageretur,
914 1248 1044 1286 minus
1073 1249 1332 1287 convenisset
1361 1246 1543 1296 κυκεών,
1579 1258 1682 1298 qua-

137 1318 186 1358 lis
217 1319 458 1371 Fragmento
489 1319 601 1360 CCV.
634 1320 898 1372 significatur,
935 1331 1081 1359 recens
1114 1325 1271 1368 coctus,
1304 1319 1456 1359 calidus
1489 1319 1538 1358 ab
1572 1320 1680 1371 igne.

138 1391 214 1439 Qui
244 1396 304 1431 est
335 1390 438 1443 apud
470 1391 678 1442 Ovidium,
718 1396 858 1432 coctus
890 1397 982 1431 ante
1023 1391 1238 1431 adventum
1271 1392 1452 1441 Cereris,
1494 1393 1572 1431 iam
1610 1403 1681 1430 re-

140 1461 325 1513 frixerat,
355 1473 473 1514 quum
503 1461 578 1502 dea
611 1462 779 1502 biberet.

875 1632 937 1674 VI.

251 1757 412 1796 Interea
439 1756 593 1796 medias
619 1756 766 1808 stillam!
794 1755 1047 1794 sermonibus
1084 1755 1222 1795 horas.
1283 1756 1489 1808 Colloquia
1534 1769 1680 1797 seren-

140 1833 217 1869 tem
247 1842 335 1869 cum
368 1829 524 1869 Theseo
549 1828 741 1876 llecalen‚
769 1827 965 1867 Theseum
998 1841 1084 1867 cum
1109 1828 1271 1879 Hecale,
1297 1830 1510 1881 aliquoties
1541 1829 1679 1870 audire

138 1900 232 1941 mihi
265 1903 374 1941 visus
405 1913 515 1950 sum,
546 1900 636 1940 dum
669 1901 761 1953 lego
791 1901 1030 1953 Fragmenta
1063 1900 1307 1941 Callimachi.
1376 1902 1432 1941 Ea
1464 1902 1680 1955 colloquia,

141 1986 257 2026 quum
290 1979 521 2026 apparatum
551 1985 731 2023 coenae,
763 1984 1012 2025 coenamque
1047 1974 1200 2025 ipsam,
1233 1987 1311 2014 imo
1342 1976 1584 2014 narrationis
1617 1979 1683 2014 te-

141 2060 253 2096 nore,
281 2059 360 2087 non
391 2048 608 2097 interrupta
640 2046 895 2085 sermonibus
927 2047 1089 2086 insertis
1117 2049 1238 2097 serie,
1271 2047 1553 2088 decucurrisse
1580 2059 1681 2100 pro-

141 2119 270 2160 babile
303 2120 375 2168 sit,
415 2119 555 2171 partim
587 2122 679 2158 ante
722 2130 892 2158 coenam
939 2120 1078 2171 partim
1119 2124 1209 2172 post
1251 2133 1339 2159 eam
1378 2121 1680 2162 collocabimus.

139 2191 274 2245 ltaque
303 2191 437 2231 differt
471 2189 619 2242 aliquid
658 2190 763 2228 inter
793 2189 1075 2229 Callimachum
1119 2197 1158 2232 et
1197 2191 1331 2232 Ovidii
1370 2204 1554 2244 versum,
1602 2206 1680 2246 quo

141 2266 337 2304 decorare
369 2264 510 2316 capitis
541 2262 656 2303 huius
685 2263 839 2302 initium
870 2262 991 2303 volui.

255 2336 365 2384 Quae
396 2336 434 2374 in
478 2336 566 2388 ipso
600 2334 775 2375 adventu
803 2335 975 2386 Thesei,
1013 2341 1104 2376 ante
1143 2348 1337 2387 coenam,
1381 2335 1484 2375 dicta
1523 2336 1682 2390 suerint,

142 2409 302 2449 conieci
334 2408 427 2460 Cap.
460 2408 504 2447 V.
534 2421 571 2460 p,
607 2406 697 2447 124.
724 2419 837 2460 seqq.
897 2407 1049 2455 Quibus
1072 2419 1177 2448 nunc
1210 2407 1316 2447 addo
1339 2408 1497 2460 Fragm.
1517 2407 1683 2447 XL1X.·²<·

874 2481 945 2518 ιάἰ
972 2477 1032 2530 μοὶ
1069 2476 1114 2518 τὸ
1148 2475 1290 2532 <famem

363 2550 510 2603 σῦφαρ
543 2547 664 2600 ἐμόν,
698 2551 769 2589 ναί
796 2550 920 2589 τοῦτο
952 2549 997 2590 τὸ
1032 2552 1224 2603 ὸέιὸρεον
1255 2544 1361 2591 αὖον
1395 2549 1463 2590 ἑόν
1498 2565 1592 2603 περ.

142 2623 191 2663 ad
222 2622 329 2675 quod
361 2622 624 2675 fragmentum
662 2623 922 2663 Ruhnkenius
952 2623 1077 2675 Epist.
1099 2624 1184 2663 crit.
1216 2624 1260 2662 ll.
1296 2636 1333 2675 p.
1366 2623 1454 2663 179.
1488 2624 1681 2675 δένδρεον

142 2694 328 2735 baculum
361 2707 480 2742 esse,
516 2707 594 2746 quo
632 2695 781 2734 Hecale
823 2695 1046 2746 nitebatur,
1089 2695 1398 2746 animadvertit,
1440 2694 1679 2747 ductumque

143 2777 234 2807 csse
263 2767 394 2807 locum
429 2779 479 2806 ex
510 2766 687 2807 Homero
717 2766 758 2806 ll.
781 2766 810 2805 Ι.
834 2766 928 2807 234.
960 2769 1032 2807 vai
1056 2765 1117 2817 μά
1151 2765 1248 2806 τόδε
1276 2767 1502 2820 σκῆπτρον,
1532 2766 1578 2807 τὸ
1603 2768 1682 2818 μὲν

145 2834 293 2880 οὔποτε
327 2836 470 2894 φύλλα
501 2839 574 2880 καί
603 2833 727 2889 ὄζους
765 2836 909 2894 φύσει.
978 2838 1227 2879 observetur
1267 2837 1482 2894 singularis
1522 2837 1681 2879 iurandi
