1856 3126
771 128 1074 166 —266—

160 241 186 298 ἦ
220 244 339 291 πόλις
381 238 507 284 οὕτω.
567 243 704 296 Itaque
747 245 961 284 cumulavit
1007 243 1151 284 doctus
1193 247 1313 297 poeta
1357 243 1470 284 varia
1514 243 1694 284 eiusdem

162 317 344 369 regionis
374 317 535 355 nomina
567 316 740 368 antiqua.
801 316 912 364 Quae
937 317 990 356 sit
1017 315 1232 355 verborum
1266 314 1498 356 Callimachi
1529 321 1698 356 senten-

161 389 230 438 tia,
261 389 327 440 qui
357 399 496 437 nexus,
530 387 805 428 consideranti
836 387 931 428 illud
957 384 1069 439 ἔχεις
1098 387 1263 438 nemini,
1292 387 1357 440 qui
1388 387 1558 440 aliquem
1588 398 1695 439 poe-

164 465 291 499 tarum
324 471 436 498 usum
470 459 629 508 habeat,
658 459 819 499 dubium
852 460 939 499 erit.
998 459 1227 511 Alloquutio
1257 471 1305 499 ac
1333 459 1513 512 precatio
1548 463 1610 498 est
1643 459 1695 499 ad

163 531 280 570 deum
307 531 492 583 aliquem,
528 535 567 571 et
597 531 772 583 quidem,
802 536 844 571 ut
872 532 1001 571 statim
1035 531 1164 571 dicam
1197 532 1450 582 sententiam,
1481 531 1531 570 ad
1565 530 1694 583 Apol-

161 602 295 643 linem.
355 603 413 643 Ne
446 604 534 655 quis
564 604 684 653 enim,
714 604 940 643 Antimachi
971 604 1141 643 maxime
1171 602 1460 643 recordatione
1493 603 1694 655 inductus,

163 675 214 715 de
242 676 405 716 Nemesi
437 686 665 715 sermonem
694 687 787 715 esse
820 675 1022 724 coniiciat,
1053 675 1118 714 ille
1148 675 1232 727 ipse
1263 675 1376 715 locus
1398 675 1531 717 Schol.
1561 676 1693 728 Apoll.

160 747 228 787 Rh.
263 747 290 787 1.
319 747 439 787 1116,
474 747 618 787 obstat.
676 747 853 787 Noverat
883 746 1043 799 quidem
1074 747 1338 788 Callimachus
1368 749 1406 788 in
1439 759 1579 799 campo
1611 747 1694 787 Ne-

158 831 236 872 peo
275 819 457 860 habitare
487 819 705 870 Nemesin,
739 819 858 872 idque
903 820 988 872 ipse
1031 819 1250 869 docuerat,
1292 832 1430 860 verum
1476 820 1554 859 alio
1585 819 1693 871 loco,

159 902 240 930 non
273 892 312 930 in
341 890 506 930 Hecale.
563 890 753 930 Scholion
784 889 906 930 illud:
951 914 1003 920 --
1034 890 1308 943 ῙΡΙνημοιέύει
1350 893 1396 933 δὲ
1434 891 1568 932 αυ’τοῦ
1595 900 1691 941 (ηε-

158 962 251 1002 διόυ
284 963 431 1014 Nepei)
471 962 543 1000 καί
582 963 861 1011 Καλλίμαχος
902 956 1137 1013 ἑνἙκάλῃ·
1182 963 1372 1014 Νηπείης
1412 967 1487 1003 etc.
1530 962 1691 1014 deinde,

157 1039 250 1088 post
277 1034 352 1074 alia
393 1046 443 1073 ex
483 1033 677 1084 Dionysio
710 1032 895 1082 Milesio,
937 1031 1214 1084 Apollodoro:
1251 1030 1300 1072 ‘O
1327 1032 1373 1071 δὲ
1417 1031 1693 1085 Καλλίμαχός

160 1108 290 1161 φησίν
334 1107 378 1146 ὲν
413 1102 706 1157 (Υπομνήμασι
754 1105 927 1153 (Callitn.
959 1105 1019 1145 Fr.
1051 1105 1115 1144 ed.
1145 1104 1239 1144 Ern.
1269 1117 1305 1157 p.
1339 1103 1458 1155 474.)
1502 1105 1691 1156 Νέμεσιν

157 1173 268 1218 εἶναι
298 1176 373 1230 τήν
402 1174 446 1217 τὸ
484 1177 625 1217 πεδίὀν
656 1177 929 1228 κατέχουσαν.
1005 1178 1058 1217 At
1096 1177 1323 1229 Apollitletn
1370 1189 1486 1229 quum
1528 1177 1568 1217 in
1608 1181 1689 1218 tota

158 1261 229 1289 ora
259 1249 324 1289 illa
352 1254 392 1289 et
419 1250 590 1290 maxime
621 1249 724 1302 apud
747 1250 973 1302 Cyzicenos
1002 1250 1146 1290 cultum
1178 1261 1271 1289 esse
1291 1254 1486 1290 monstrat
1503 1250 1690 1290 Mtillerus

156 1319 344 1359 DorienS.
373 1319 412 1360 P.
442 1318 472 1358 1.
506 1331 542 1371 p.
576 1320 668 1359 225.
715 1319 765 1359 cf.
798 1319 932 1360 Strab.
964 1320 1048 1359 ΧΗ.
1080 1332 1118 1372 p.
1150 1321 1244 1362 551.
1277 1323 1394 1371 (828.
1424 1323 1497 1373 Α.)
1536 1327 1617 1363 tum
1649 1321 1690 1362 in

154 1391 242 1443 ipso
288 1401 428 1442 campo
475 1390 699 1430 Adrasteae
748 1390 881 1430 fanum
921 1395 960 1431 et
1005 1396 1203 1442 μαντεῖον
1251 1393 1447 1446 Apollinis
1485 1392 1688 1434 Ἀκταίου

153 1463 277 1502 fuisse
309 1463 424 1502 testis
456 1466 517 1502 est
548 1463 692 1503 Strabo
722 1462 814 1502 loco
845 1467 937 1502 ante
965 1463 1157 1515 laudato,
1190 1465 1290 1505 Xlll.
1324 1478 1360 1518 p.
1396 1466 1489 1506 588.
1577 1464 1688 1517 Ergo

154 1534 380 1587 Apollinem
415 1535 556 1588 aliquis
590 1536 628 1575 in
646 1535 796 1575 Hecale
825 1535 1067 1587 precabatur
1092 1535 1153 1576 his
1185 1537 1386 1577 versibus:
1417 1562 1469 1567 —
1490 1533 1687 1589 Αἴσηπον

157 1605 294 1659 ἔχεις,
341 1601 589 1648 {mmmm
633 1601 770 1659 ὕδωρ,
870 1605 1059 1661 Νηπειής
1099 1613 1173 1648 etc.
1247 1609 1295 1649 Ut
1343 1613 1403 1649 est
1449 1609 1490 1648 in
1528 1608 1684 1660 Hymno

155 1680 352 1732 Apollinis
381 1680 616 1720 Homerico:
652 1675 702 1718 3Ω
729 1675 834 1730 ἄνα,
867 1682 941 1720 καί
969 1681 1157 1734 Λυκίην,
1188 1681 1260 1722 καί
1290 1681 1487 1736 ΖΗῃονιήν
1517 1680 1684 1729 ἐρατει-

154 1748 241 1803 νήν,
299 1752 370 1791 καί
395 1752 586 1805 Μίλητον
614 1749 741 1803 ἔχεις.
798 1752 951 1802 Nossis,
982 1753 1013 1792 si
1045 1758 1106 1793 est
1132 1754 1287 1803 Nossis,
1315 1753 1386 1805 Ep.
1406 1753 1468 1792 111.
1497 1753 1545 1792 A.
1562 1750 1640 1791 Pal.
1653 1750 1682 1792 Ι.

151 1835 188 1876 p.
220 1824 315 1863 275.
334 1817 517 1875 ’Ἄρτεμι
546 1825 688 1865 Adanu
716 1822 876 1876 ἔχουσα
905 1825 978 1864 καί
1005 1824 1226 1878 Ὀρτυγίαν
1254 1820 1471 1876 ἐρόεσσαν.
1504 1828 1542 1863 et
1579 1835 1682 1875 quae

153 1900 246 1935 sunt
277 1896 483 1935 innumera
516 1895 606 1935 alia.
664 1897 713 1935 Et
744 1909 861 1949 quem
898 1897 951 1937 ita
990 1902 1193 1950 precatum
1236 1908 1328 1937 esse
1365 1901 1523 1948 putem,
1563 1895 1682 1935 facile

152 1969 357 2009 intellectu
389 1974 472 2008 est:
505 1971 689 2009 nimirum
719 1969 931 2018 Theseum,
963 1982 1081 2022 quum
1110 1970 1382 2010 immolaturus
1406 1973 1492 2008 erat
1513 1972 1679 2007 taurum.

265 2040 475 2093 Apollinis,
506 2041 678 2080 maxime
711 2041 935 2094 Delphinii,
964 2042 1208 2081 mentionem
1241 2041 1359 2080 etiam
1395 2040 1488 2079 alibi
1518 2039 1681 2078 immix-

154 2116 231 2152 tam
262 2114 384 2152 rebus
415 2112 558 2152 Thesei
591 2114 825 2165 reperimus.
895 2113 944 2154 Ut
976 2114 1014 2153 in
1045 2114 1277 2153 narratione
1309 2111 1529 2151 Pausaniae
1560 2110 1587 2149 l.
1621 2108 1679 2149 19.

157 2185 192 2223 1.
224 2191 330 2237 (sup.
364 2184 461 2236 Cap.
492 2184 554 2223 Ill.
584 2197 620 2236 p.
647 2186 738 2234 85.)
785 2186 842 2226 Cf.
883 2186 1079 2226 Plutarch.
1112 2185 1269 2225 Theseo
1302 2196 1335 2224 c.
1370 2183 1408 2223 5.
1449 2189 1556 2234 (sup.
1583 2181 1677 2233 Cap.

151 2255 213 2295 Vl.
244 2268 281 2307 p.
318 2255 432 2304 159.)
493 2255 601 2296 Idem
633 2256 725 2296 ibid.
758 2270 792 2297 c.
828 2258 888 2298 18.
923 2257 961 2296 in
993 2257 1247 2310 expeditione
1279 2255 1482 2296 Cretensi:
1511 2252 1584 2294 καί
1600 2269 1680 2293 πα-

152 2325 316 2380 ρελθών
359 2328 418 2375 εἰς
457 2330 684 2382 Δελφίνιον
719 2325 871 2383 ἔθηκεν
915 2327 1020 2382 ὑπὲρ
1064 2327 1206 2369 αὐτῶν
1248 2328 1303 2382 τῷ
1335 2323 1559 2368 Ἀπόλλωνι
1603 2322 1679 2378 τήν

150 2396 374 2452 ἱκετηρίαν.
416 2405 455 2440 et
495 2405 585 2452 post
622 2401 816 2449 reditum,
857 2414 942 2454 cap.
976 2403 1040 2442 92.
1080 2400 1137 2456 τῷ
1162 2395 1395 2440 Ἀπόλλωνι
1435 2395 1506 2450 τὴν
1543 2393 1679 2448 εὐχήν

152 2469 354 2510 ἀπεδίδου
387 2476 462 2512 etc.
534 2472 582 2512 Et
611 2472 660 2512 de
691 2473 928 2525 Delphinio,
960 2474 999 2512 in
1032 2484 1110 2525 quo
1151 2471 1346 2511 iudicatus
1381 2468 1452 2508 fuit
1483 2467 1677 2518 Theseus,

151 2543 365 2585 Pausanias
385 2545 412 2585 Ι.
445 2546 511 2597 28,
545 2546 607 2586 10.
657 2546 793 2586 Pollux
817 2545 913 2585 VllI.
940 2546 1028 2585 119.
1049 2545 1127 2584 alii.
1242 2539 1497 2593 Pherecydes
1524 2537 1676 2579 Ἀπόλ-

150 2618 245 2653 λωιι
284 2611 424 2672 Ου’λίῳ
455 2619 526 2656 καί
553 2616 769 2668 Ἀρτέμιδι
803 2617 936 2674 Οὐλίᾳ
965 2617 1187 2662 Theseum,
1219 2625 1335 2665 quum
1365 2613 1405 2652 in
1439 2611 1595 2651 Cretam
1625 2609 1675 2649 ad

148 2686 409 2726 Minotaurum
443 2688 679 2740 duceretur,
710 2690 873 2729 vovisse
904 2701 976 2741 pro
1008 2688 1135 2728 salute
1168 2690 1285 2738 atque
1320 2683 1450 2724 reditu
1480 2693 1574 2732 suo,
1605 2692 1675 2720 re-

150 2756 315 2806 tulerat:
361 2759 578 2812 Pherccyd.
616 2761 770 2813 Fragm.
815 2761 912 2800 LIX.
952 2774 975 2800 e
1018 2758 1221 2799 Macrobio
1254 2758 1281 2796 1.
1316 2756 1377 2795 17.
1426 2753 1477 2793 cf.
1520 2751 1670 2792 llliiller.

148 2827 334 2868 Doricus.
367 2828 394 2868 1.
427 2841 464 2881 p.
497 2831 588 2870 2297.
