1856 3126
760 112 1062 150 —193—

153 233 229 276 est,
259 228 323 267 vel
352 227 468 268 etiam
499 227 639 277 maior,
677 228 716 267 in
746 227 966 280 Propertio,
999 239 1114 280 quem
1146 226 1382 280 Salvagnius
1412 229 1671 282 comparavit,

149 301 376 350 insolentia,
407 300 469 341 111.
502 301 567 350 92,
597 299 663 339 37.
695 299 982 352 Arboreasque
1010 312 1151 340 cruces
1179 299 1299 349 Sinis,
1328 304 1366 338 et
1403 312 1483 338 uon
1510 300 1671 351 hospita

150 374 289 413 Graiis
376 374 510 423 Saxa,
541 376 578 411 et
607 378 801 413 curvatas
840 374 882 412 in
913 385 991 413 sua
1023 374 1113 425 fata
1155 371 1302 412 trabes.
1342 373 1408 412 ubi
1443 373 1492 411 do
1533 372 1671 413 Sinide

146 447 324 486 narratio
355 445 640 495 Arbor-easque
678 457 818 484 cruces
850 471 901 475 —
931 450 968 484 et
999 449 1192 484 curvatas
1224 445 1266 483 in
1294 457 1372 484 sua
1404 445 1495 496 fata»
1535 445 1671 486 trabes

147 521 287 558 mirum
318 519 357 557 in
391 517 547 556 modum
583 517 708 557 divisa
740 522 854 569 atque
892 518 1106 569 interrupta
1139 522 1198 557 est
1231 518 1448 557 interiectis
1478 517 1611 557 verbis
1635 521 1673 556 et

146 602 227 629 non
255 588 416 639 hospita
447 589 584 628 Graiis
615 589 752 640 Sama,
784 602 885 641 quae
917 588 1038 628 verba
1072 590 1270 628 neminem
1308 602 1388 629 non
1425 589 1474 629 de
1503 590 1670 630 Scirone

147 663 374 702 admonent.
433 662 525 701 Mihi
555 674 651 702 vero
686 662 804 702 fallax
835 675 881 701 ea
913 661 1141 701 recordatio
1173 662 1351 711 videtur,
1385 666 1423 701 et
1455 662 1504 701 de
1535 661 1671 703 Sinide

147 733 382 785 accipienda
411 735 557 774 omnia.
619 735 720 782 Quid
752 734 855 773 enim
887 734 1122 786 pronomine
1152 744 1229 772 sua
1269 733 1356 781 fiat,
1386 733 1461 772 nisi
1499 733 1673 786 pendeat

147 819 168 845 a
199 818 442 858 praegresso
472 806 612 846 Sinis?
670 807 880 853 Quomodo
923 811 1051 845 autem
1090 804 1280 857 pendebit
1318 805 1367 843 ab
1406 817 1456 845 eo
1495 807 1671 857 nomine,

147 879 181 918 si
203 890 281 917 non
308 878 468 928 hospita
490 878 627 917 Graiis
654 891 776 929 saxa,
808 879 857 918 de
887 879 1053 919 Scirone
1076 877 1353 930 accipiantur?
1408 877 1672 918 Accusativos

147 949 345 990 arboreas
388 963 552 998 cruces,
590 962 726 998 saxa,
770 954 965 990 curvatas
1009 949 1173 997 trabes,
1218 950 1337 988 etiam
1375 948 1591 989 Dorvillius
1621 949 1673 989 ad

148 1023 293 1063 Charit.
324 1036 359 1075 p.
392 1023 484 1063 708.
521 1023 640 1072 [634.
669 1023 731 1062 ed.
763 1023 890 1074 Lips.)
923 1034 945 1062 a
975 1022 1100 1062 verbo
1135 1021 1305 1073 quodam
1336 1021 1539 1062 intellecto
1567 1034 1673 1074 pen-

148 1096 244 1134 dere
272 1096 480 1136 statuebat.
539 1096 582 1136 ld
613 1107 711 1135 vero
742 1094 959 1135 eruendum
1000 1107 1051 1134 ex
1085 1093 1431 1146 praecedentibus.
1498 1094 1594 1134 Nam
1634 1094 1670 1134 si

142 1172 359 1218 praetereo
391 1169 576 1219 verbum,
618 1167 723 1220 quod
757 1167 930 1219 suppleri
959 1166 1119 1206 volebat
1152 1167 1342 1215 Puccius,
1383 1167 1451 1205 vix
1483 1166 1674 1206 serendus

146 1240 254 1279 Sinis
283 1242 509 1293 genitivus,
551 1245 589 1279 et
629 1238 884 1279 scribendum
921 1238 1047 1278 foret:
1087 1236 1375 1289 Arboreasque
1418 1249 1474 1279 cr.
1509 1237 1672 1289 Siniclis‚

145 1326 225 1352 11011
255 1314 414 1364 hospita
445 1318 521 1352 etc.
580 1313 723 1352 Verum
758 1312 816 1351 sio
847 1322 984 1351 rursus
1023 1322 1101 1349 sua
1142 1321 1362 1362 pronomen
1405 1322 1485 1349 non
1527 1311 1671 1349 usitate

145 1386 314 1437 positum
348 1386 558 1425 videbitur.
618 1386 821 1426 Friderico
851 1385 985 1434 Iacob,
1014 1385 1100 1423 viro
1123 1383 1388 1423 eruditissimo
1407 1414 1417 1433 ,
1448 1384 1512 1423 cui
1541 1383 1671 1436 placet

146 1463 328 1497 curtatas
356 1457 521 1508 trabes,
555 1463 622 1507 ut,
655 1470 757 1510 quae
794 1470 866 1510 per
897 1468 943 1498 se
977 1457 1139 1496 minime
1184 1457 1315 1508 inepta
1357 1457 1554 1496 sententia
1597 1461 1672 1506 est,

143 1535 226 1570 tres
257 1533 538 1580 numerentur,
572 1530 702 1579 Sinis,
734 1531 900 1579 Sciron,
929 1529 1184 1578 Procrustes,
1216 1529 1318 1568 inter
1347 1528 1422 1567 alia
1467 1540 1672 1581 opposue-

144 1603 219 1642 rim
251 1601 344 1652 hoe,
377 1603 482 1654 quod
517 1603 592 1643 iam
624 1603 775 1642 monuit
795 1602 1055 1651 Burmannus,
1086 1613 1165 1640 non
1195 1600 1297 1640 bene
1320 1600 1455 1639 trabes
1483 1601 1532 1640 de
1561 1603 1667 1642 lecto

143 1675 366 1715 Procrustis
414 1675 505 1715 dici.
576 1674 722 1715 Contra
765 1674 814 1713 do
861 1674 1069 1714 arboribus
1107 1672 1255 1712 Sinidis
1299 1677 1493 1712 curuatas
1532 1672 1668 1712 trabes

144 1748 304 1799 optime,
334 1751 371 1785 ut
391 1748 426 1786 in
446 1747 565 1786 Ibidis
589 1748 679 1786 loco
700 1746 765 1786 illo
787 1759 823 1785 V.
845 1743 939 1786 411.
964 1750 1002 1785 et
1015 1745 1171 1785 Metam.
1195 1745 1272 1784 Vll.
1289 1746 1382 1785 441.
1416 1744 1670 1796 Quipoterat

143 1831 320 1860 curt-are
346 1818 493 1859 trabes.
554 1820 679 1867 Quum
710 1818 833 1858 semel
861 1820 899 1858 in
933 1817 1004 1859 has
1034 1816 1251 1856 fabularum
1282 1817 1401 1857 tricas
1431 1829 1494 1856 me
1524 1819 1668 1857 conie-

143 1893 280 1943 cerim,
312 1904 391 1932 non
424 1891 539 1932 decet
567 1893 785 1944 praeterire
816 1891 1029 1930 obscurum
1061 1889 1191 1930 Ovidii
1224 1889 1373 1939 locum,
1403 1890 1469 1929 ubi
1494 1895 1666 1931 mutatos

141 1965 180 2005 in
216 1977 325 2014 aves,
357 1968 395 2003 et
424 1964 579 2017 quidem
612 1965 650 2003 in
683 1964 829 2013 Attica,
862 1966 1068 2002 enumerat
1098 1961 1198 2000 31103
1217 1992 1227 2011 ,
1256 1960 1520 2012 [animamque
1548 1963 1665 2001 novis

140 2042 295 2089 neptem
321 2037 598 2090 Polypemonis
630 2036 727 2076 alis:
758 2036 913 2076 Metam.
946 2034 1026 2073 vll.
1057 2031 1152 2074 401.
1211 2033 1267 2073 lbi
1309 2036 1531 2086 quaeritur,
1562 2047 1665 2088 quae

140 2112 190 2151 sit
219 2110 494 2163 Polypemonis
525 2109 678 2160 neptis,
720 2109 785 2161 qui
812 2108 1066 2160 Polypemon.
1125 2105 1174 2145 Et
1211 2105 1288 2145 hoc
1335 2107 1490 2157 quidem
1532 2108 1663 2147 statim

139 2185 334 2233 cernitur,
365 2188 472 2223 certe
503 2194 575 2235 pro
607 2187 744 2222 nostra
774 2182 960 2232 scientia,
992 2179 1132 2233 quibus
1164 2179 1281 2218 multa
1313 2179 1455 2218 desunt
1488 2180 1663 2232 antiqui-

137 2258 228 2297 tatis
252 2260 519 2304 monumcnta‚
551 2252 746 2294 recedere
771 2251 953 2293 Ovidium
982 2263 1030 2291 eo
1052 2250 1143 2290 loco
1175 2263 1194 2290 a
1220 2250 1400 2290 doctrina
1434 2251 1511 2302 illa,
1545 2263 1660 2302 quam

138 2328 383 2379 profitentem
416 2329 452 2366 in
472 2325 582 2365 lbide
602 2325 783 2374 vidimus,
812 2323 1087 2375 Polypemonis
1116 2321 1234 2361 filium
1255 2322 1491 2363 Procrusten
1523 2323 1657 2364 fuisse.

138 2400 337 2439 Procrusti
366 2399 483 2449 nulla,
515 2398 620 2452 quod
652 2398 791 2444 sciam,
823 2396 898 2436 11113
929 2396 1013 2435 suit.
1071 2395 1133 2435 An
1170 2407 1256 2434 cum
1279 2394 1527 2446 Apollodoro
1563 2396 1658 2436 sacit

138 2471 339 2512 Ovidius?
377 2472 657 2523 Apollodorus,
685 2476 726 2511 ut
754 2470 939 2519 vidimus,
966 2468 1242 2520 Polypemonis
1273 2467 1389 2506 filium
1412 2469 1521 2507 Sinin
1549 2468 1657 2508 facit.

135 2545 196 2586 Ac
227 2544 352 2585 Sinidi
383 2543 460 2583 filia
492 2543 564 2583 fuit
593 2543 688 2582 satis
722 2545 814 2581 nota
843 2540 908 2580 1113
939 2540 1150 2592 Perigune.
1220 2537 1364 2577 Verum
1404 2537 1453 2576 de
1491 2549 1538 2576 ea
1571 2543 1658 2578 tra-

136 2615 233 2655 dunt
261 2615 358 2664 alia3
387 2617 572 2653 mutatam
605 2623 697 2652 esse
729 2613 768 2651 in
798 2623 911 2651 avem
939 2621 1070 2649 nemo.
1127 2609 1259 2662 Ergo,
1289 2609 1395 2661 quod
1436 2621 1553 2649 unum
1586 2623 1657 2651 re-

134 2687 303 2741 liquum,
334 2686 449 2727 Probi
481 2685 699 2725 doctrinam
732 2685 845 2736 sequi
883 2683 1038 2723 videtur
1069 2682 1259 2732 Ovidius,
1305 2693 1407 2733 quae
1448 2682 1534 2722 talis
1566 2688 1652 2723 est:

134 2759 410 2812 Polypemonis
451 2758 569 2798 filium
600 2757 834 2806 Seii-onem,
875 2756 1054 2796 Scironis
1097 2759 1227 2794 autem
1262 2753 1493 2806 Halcyonen
1534 2754 1651 2795 filiam

134 2833 271 2877 fuisse.
329 2832 474 2873 Fabula
503 2831 552 2871 ab
583 2841 648 2881 eo7
677 2828 782 2882 quod
817 2827 865 2868 de
894 2828 1073 2870 Scironis
1103 2827 1181 2867 11113
1211 2826 1390 2866 Endei'de
1422 2826 1650 2867 Plutarchus

227 2905 352 2939 Naehii
381 2906 499 2949 Opusc.
527 2903 568 2936 ll.
1338 2899 1386 2939 13
