1856 3126
779 135 1083 172 —270—

168 251 343 304 yendum
377 250 440 290 sit.
500 248 586 302 Ego
627 251 676 289 ab
721 250 795 290 hac
831 261 912 289 non
951 250 1084 301 inepta
1124 250 1472 303 argumentatione
1509 260 1694 301 exorsus,

169 322 301 361 videri
334 321 641 361 Grammaticum
679 332 759 360 non
791 321 927 360 lacera
965 320 1212 361 diversarum
1246 320 1530 361 sententiarum
1565 332 1694 360 mem-

172 394 271 442 bra,
303 392 375 432 sed
408 404 525 431 unam
565 397 682 444 atque
717 393 943 431 continuam
985 391 1222 432 sententiam
1254 392 1490 443 apposuisse
1520 402 1542 429 e
1572 391 1696 431 Calli-

175 463 344 507 macho,
379 464 696 502 interiectionem
719 464 999 514 -quaerebam,
1030 463 1094 502 vel
1125 463 1471 511 exclamationem,
1501 462 1562 501 vel
1591 461 1694 501 allo-

171 535 403 586 quntionem
437 535 632 585 aliquam·;
665 545 834 584 eamque
865 534 995 583 talem,
1027 545 1128 584 quae
1150 535 1385 573 conveniret
1416 535 1453 572 in
1477 545 1695 585 argumen-

167 610 245 646 tum
277 606 456 646 Hecales.
517 607 710 656 πατέρες,
740 605 848 650 τιίὀς
878 603 992 656 ἠρίον
1028 605 1165 644 ἵστατε
1198 606 1345 655 τοῦτο,·
1375 609 1503 656 aptam
1536 604 1692 643 Theseo

163 679 297 718 iuveni
345 677 649 729 appellationem
692 676 926 716 colonorum
971 676 1192 715 vicinorum
1225 676 1406 715 Hecales.
1447 676 1508 714 vel
1549 676 1691 726 ἕταροι

164 754 225 797 (ut
258 749 401 788 dicitur
436 750 579 797 ξένοι),
613 749 720 793 τίνος
749 752 823 786 ete.
885 746 956 785 Vel
985 746 1056 795 sic,
1085 746 1275 785 liberiore
1303 746 1414 786 lusu:
1447 740 1550 785 ἅττα
1573 747 1694 797 γέρον

165 821 339 870 (Gallim.
372 822 503 873 Epigr.
541 823 572 859 1.
608 820 687 870 3.),
716 821 822 866 τιίὀς
849 824 923 858 ete.
982 820 1161 870 Exempli
1191 829 1333 857 caussa
1358 819 1503 866 omnia,
1536 821 1575 855 et
1604 828 1692 855 cum

165 893 439 932 admonitione
469 892 567 930 hac:
603 890 814 930 Cumulavi
841 890 962 928 varta
993 893 1224 936 commenta,
1257 899 1334 938 quo
1369 886 1549 937 apertius
1577 897 1694 924 mon-

165 968 343 1002 strare-m
372 963 472 1001 nillil
501 975 561 1000 mc
591 961 763 1009 habere,
804 960 910 1010 quod
941 959 1042 997 salis
1070 959 1211 1008 saciat.
1299 958 1475 996 Eandem
1507 961 1598 996 ante
1630 968 1691 995 me

166 1035 269 1073 viam
301 1035 399 1081 iniit,
430 1033 502 1071 sed
533 1032 596 1070 ille
627 1026 675 1070 de
706 1036 940 1084 argumento
966 1032 1149 1082 cogitans
1173 1030 1516 1081 epigrammatico‚
1545 1028 1692 1067 lacob-

167 1106 250 1144 sius
282 1106 319 1144 in
351 1104 468 1143 Anth.
504 1104 623 1142 l‘alat.
656 1103 748 1142 Not.
784 1104 870 1141 crit.
901 1114 936 1153 p.
961 1102 1055 1140 325.
1085 1101 1150 1140 ubi
1185 1113 1272 1140 cum
1292 1103 1503 1152 Antipatro
1523 1100 1691 1141 Sidonio

167 1176 287 1225 (XCI.
324 1178 356 1214 1.
389 1176 439 1214 A.
475 1174 551 1213 Pal.
590 1174 615 1212 l.
646 1186 682 1225 p.
715 1172 832 1220 434.)
879 1185 900 1211 a
946 1183 990 1210 se
1036 1172 1087 1210 ita
1133 1171 1370 1210 emendato:
1411 1171 1517 1216 τίνος
1556 1165 1692 1222 τάφον

166 1243 476 1299 ἀμφιβέβηκας,
508 1245 584 1284 hoc
601 1243 908 1283 Callimacheum
933 1242 1102 1291 conl'ert,
1133 1242 1170 1280 in
1202 1254 1279 1293 quo
1311 1241 1568 1281 scribendum
1598 1252 1691 1279 esse

169 1316 353 1356 coniicit:
386 1318 560 1364 στᾶλαι,
595 1315 703 1360 τιίὀς
733 1309 849 1365 ἠρίον
876 1314 1034 1353 ἕστατε.
1129 1313 1266 1352 Habeo
1287 1314 1404 1352 etiam
1424 1312 1467 1351 G.
1485 1311 1692 1358 Diodorlii‚

173 1388 247 1427 viri
279 1386 532 1435 amicissimi,
564 1386 742 1434 litteras,
774 1385 914 1436 quibus
948 1384 1050 1423 hanc
1083 1396 1236 1423 mecum
1272 1384 1538 1424 communicat
1566 1395 1588 1422 e
1621 1394 1696 1422 co-

171 1459 261 1498 dice
293 1457 543 1510 grammatici
575 1457 676 1496 illius
716 1456 1001 1495 Hermanniani
1034 1456 1211 1495 Parisino
1252 1455 1375 1495 3027.
1409 1456 1557 1494 variam
1589 1454 1695 1494 seri-

170 1534 354 1582 plul'ant:
398 1526 454 1575 ὡς
499 1524 518 1566 ὃ
564 1530 824 1578 καλλίμαχος
864 1525 978 1578 παρὰ
1021 1523 1128 1574 τινὸς
1176 1523 1305 1578 ἦριόν.
1352 1523 1486 1581 ἡρῷον
1529 1527 1575 1565 δὲ
1615 1530 1692 1565 etc.

169 1602 368 1642 Noveram
398 1612 486 1639 eum
517 1599 701 1638 codicem
732 1611 782 1638 ex
813 1598 1045 1650 quibusdam
1067 1598 1188 1637 Bastii
1212 1598 1580 1645 observationibus;
1612 1596 1692 1636 hoc

169 1673 264 1713 mihi
294 1684 439 1712 novum
473 1675 571 1710 erat.
632 1670 710 1722 Ipsi
741 1670 947 1710 Dindorlio
982 1670 1020 1708 in
1052 1674 1224 1708 mentem
1257 1673 1442 1708 venerat:
1475 1668 1581 1707 κατὰ
1608 1665 1690 1720 γὰρ

168 1745 277 1791 τίνος
310 1744 429 1796 η’ριόν
459 1741 605 1781 ἵστατε
633 1742 763 1780 τοῦτο.
832 1740 911 1780 Sed
947 1739 1207 1791 exspectabat
1243 1739 1495 1778 collationem
1538 1737 1692 1777 codicis

169 1814 290 1854 multo
323 1813 501 1852 melioris
541 1812 769 1851 Florentini.
842 1809 992 1864 ἠρίον,
1034 1811 1208 1850 llomero
1253 1807 1364 1859 ἅπαξ
1396 1809 1616 1863 εἰρημένον
1648 1809 1689 1848 ll.

170 1885 313 1926 XXIII.
350 1884 439 1924 126.
484 1887 674 1934 usurpant
718 1883 834 1921 etiam
877 1881 1113 1933 Apollonius
1130 1892 1149 1931 ,·
1184 1880 1386 1921 Nicander
1423 1880 1483 1919 Fr.
1517 1879 1621 1920 XXI.
1654 1881 1689 1919 1.

169 1958 370 2010 Oppianus
403 1956 448 1995 ll.
480 1955 541 1994 lV.
575 1954 667 1993 960.
699 1952 923 2005 Lycophro,
951 1952 1182 1992 Alexander
1209 1952 1298 1992 Aet.
1329 1951 1372 1991 V.
1406 1950 1472 1991 33.
1514 1950 1630 1991 Anal.
1659 1949 1688 1990 l.

167 2041 205 2081 p.
236 2027 330 2068 490.
362 2031 401 2066 et
429 2030 574 2077 poetae
604 2026 642 2064 in
679 2024 921 2076 Anthologia
954 2024 1075 2063 multi.

220 2130 225 2134 .
279 2098 527 2137 Perl'unditur
557 2096 697 2135 dolore
728 2095 928 2144 Theseus,
959 2106 1075 2146 quum
1106 2094 1197 2133 illud
1230 2095 1541 2146 inexspectatum
1572 2091 1687 2131 acci-

167 2172 247 2222 pit,
280 2169 432 2208 obiisse
466 2168 655 2206 llecalen.
722 2168 840 2215 Tum,
881 2168 1115 2206 convocatis
1162 2165 1339 2216 accolis,
1385 2163 1686 2216 appellationem

170 2241 276 2280 lovis
305 2238 495 2288 Hecales,
523 2243 562 2278 et
591 2250 706 2278 sacra
740 2238 847 2277 lovis
878 2236 1112 2287 Hecalese'a,
1146 2248 1232 2276 cum
1267 2236 1487 2276 honorifica
1515 2234 1685 2274 Hecales

167 2312 394 2359 mentione,
425 2311 614 2359 institnit,
642 2307 823 2359 ἀμοιβὰς
853 2310 924 2360 τῆς
965 2309 1216 2362 φιλοξενίας.
1279 2308 1419 2347 Omnia
1458 2311 1498 2346 ut
1529 2305 1686 2345 Plutar-

168 2382 264 2422 chus
296 2380 414 2420 tradit
455 2392 506 2419 ex
548 2380 811 2429 Philochoro,
857 2391 1027 2431 quocum
1070 2379 1310 2417 convenisse
1346 2376 1587 2416 Callimacho
1624 2374 1685 2414 his

166 2453 335 2493 maxime
368 2452 406 2490 in
438 2451 581 2500 rebus,
616 2463 716 2501 quac
749 2450 800 2489 ad
833 2451 1087 2501 antiquitates
1119 2450 1338 2500 pertinent,
1373 2446 1580 2498 probabile
1610 2449 1684 2485 est.

275 2525 404 2574 Atque
445 2522 507 2560 hic
553 2522 655 2560 bene
699 2522 943 2562 insereretur
978 2521 1133 2572 Fragm.
1166 2519 1281 2559 an.
1322 2518 1438 2569 χαῖρ’
1465 2517 1682 2569 Ειῖκολίνη.

166 2596 204 2634 Si
237 2606 330 2633 vera
359 2596 466 2631 esset
504 2592 670 2631 Bentleii
712 2591 1011 2642 Ruhnkcniique
1043 2590 1163 2642 Epist.
1197 2591 1281 2629 crit.
1312 2588 1357 2628 ll.
1390 2600 1426 2639 p.
1460 2588 1550 2630 181.
1592 2585 1683 2638 opi-

166 2665 264 2709 nio,
296 2661 345 2714 ad
378 2661 553 2701 Hecalen
586 2673 727 2713 poema
768 2660 845 2699 hoc
884 2660 1145 2712 fragmentum
1186 2659 1440 2699 referendum
1481 2670 1598 2706 esse,
1642 2660 1681 2695 et

168 2729 394 2784 Eiixvm'rrsv
440 2734 582 2772 dietam
622 2733 741 2771 luisse
784 2731 971 2769 Ilecalen.
1040 2730 1188 2781 Nempe
1230 2731 1461 2769 coniectura
1505 2728 1679 2766 virorum

167 2816 404 2844 summorum
457 2804 737 2843 emendatione
786 2803 921 2841 nititur
965 2803 1108 2851 unice,
1158 2813 1272 2853 quam
1318 2802 1355 2840 in
1400 2799 1677 2852 Etymologico
