<?xml version="1.0" encoding="UTF-8"?>
<!DOCTYPE html PUBLIC "-//W3C//DTD XHTML 1.0 Transitional//EN"
    "http://www.w3.org/TR/xhtml1/DTD/xhtml1-transitional.dtd">
<html xmlns="http://www.w3.org/1999/xhtml" xml:lang="en" lang="en">
 <head>
  <title>
</title>
<meta http-equiv="Content-Type" content="text/html;charset=utf-8" />
  <meta name='ocr-system' content='tesseract 3.04.00' />
  <meta name='ocr-capabilities' content='ocr_page ocr_carea ocr_par ocr_line ocrx_word'/>
</head>
<body>
  <div class='ocr_page' id='page_1' title='image "./opusculaphilolog02naekuoft/opusculaphilolog02naekuoft_0050.png"; bbox 0 0 1856 3126; ppageno 0'>
   <div class='ocr_carea' id='block_1_1' title="bbox 806 94 1080 132">
    <p class='ocr_par' dir='ltr' id='par_1_1' title="bbox 806 94 1080 132">
     <span class='ocr_line' id='line_1_1' title="bbox 806 94 1080 132; baseline -0.004 -11"><span class='ocrx_word' id='word_1_1' title='bbox 806 94 1080 132; x_wconf 67' lang='lat'>...40-</span> 
     </span>
    </p>
   </div>
   <div class='ocr_carea' id='block_1_2' title="bbox 193 209 1733 2872">
    <p class='ocr_par' dir='ltr' id='par_1_2' title="bbox 193 209 1719 1423">
     <span class='ocr_line' id='line_1_2' title="bbox 194 209 1703 263; baseline 0.001 -12"><span class='ocrx_word' id='word_1_2' title='bbox 194 215 235 251; x_wconf 85' lang='lat' dir='ltr'>ut</span> <span class='ocrx_word' id='word_1_3' title='bbox 262 216 415 252; x_wconf 85' lang='lat' dir='ltr'>taccam</span> <span class='ocrx_word' id='word_1_4' title='bbox 446 211 496 249; x_wconf 92' lang='lat' dir='ltr'>dc</span> <span class='ocrx_word' id='word_1_5' title='bbox 527 222 603 262; x_wconf 87' lang='lat' dir='ltr'>quo</span> <span class='ocrx_word' id='word_1_6' title='bbox 633 211 730 250; x_wconf 86' lang='lat' dir='ltr'>satis</span> <span class='ocrx_word' id='word_1_7' title='bbox 751 212 971 263; x_wconf 81' lang='lat' dir='ltr'>expositum</span> <span class='ocrx_word' id='word_1_8' title='bbox 1003 215 1078 261; x_wconf 86' lang='lat' dir='ltr'>cst,</span> <span class='ocrx_word' id='word_1_9' title='bbox 1109 211 1223 250; x_wconf 87' lang='lat' dir='ltr'>aliam</span> <span class='ocrx_word' id='word_1_10' title='bbox 1243 209 1443 262; x_wconf 87' lang='lat' dir='ltr'>postulare</span> <span class='ocrx_word' id='word_1_11' title='bbox 1463 210 1555 251; x_wconf 89' lang='lat' dir='ltr'>illud</span> <span class='ocrx_word' id='word_1_12' title='bbox 1574 209 1703 252; x_wconf 74' lang='grc' dir='ltr'><em>ταῦτά</em></span> 
     </span>
     <span class='ocr_line' id='line_1_3' title="bbox 194 271 1706 338; baseline 0 -16"><span class='ocrx_word' id='word_1_13' title='bbox 194 284 441 332; x_wconf 86' lang='lat' dir='ltr'>sententiam,</span> <span class='ocrx_word' id='word_1_14' title='bbox 474 287 513 323; x_wconf 86' lang='lat' dir='ltr'>et</span> <span class='ocrx_word' id='word_1_15' title='bbox 532 271 705 335; x_wconf 78' lang='lat' dir='ltr'>propter</span> <span class='ocrx_word' id='word_1_16' title='bbox 731 284 928 323; x_wconf 81' lang='lat' dir='ltr'>insolitam</span> <span class='ocrx_word' id='word_1_17' title='bbox 958 288 1191 323; x_wconf 83' lang='lat' dir='ltr'>structuram</span> <span class='ocrx_word' id='word_1_18' title='bbox 1219 279 1341 335; x_wconf 69' lang='grc' dir='ltr'><em>ἡνίκα</em></span> <span class='ocrx_word' id='word_1_19' title='bbox 1372 278 1425 322; x_wconf 71' lang='grc' dir='ltr'>ἄν</span> <span class='ocrx_word' id='word_1_20' title='bbox 1454 285 1602 338; x_wconf 70' lang='grc' dir='ltr'><em>φανείη</em></span> <span class='ocrx_word' id='word_1_21' title='bbox 1634 295 1706 323; x_wconf 88' lang='lat' dir='ltr'>su-</span> 
     </span>
     <span class='ocr_line' id='line_1_4' title="bbox 194 354 1706 408; baseline -0.001 -12"><span class='ocrx_word' id='word_1_22' title='bbox 194 360 352 408; x_wconf 83' lang='lat' dir='ltr'>specta,</span> <span class='ocrx_word' id='word_1_23' title='bbox 389 358 428 393; x_wconf 84' lang='lat' dir='ltr'>et</span> <span class='ocrx_word' id='word_1_24' title='bbox 466 367 583 407; x_wconf 87' lang='lat' dir='ltr'>supra</span> <span class='ocrx_word' id='word_1_25' title='bbox 621 354 778 395; x_wconf 89' lang='lat' dir='ltr'>modum</span> <span class='ocrx_word' id='word_1_26' title='bbox 823 356 1014 396; x_wconf 85' lang='lat' dir='ltr'>audacter</span> <span class='ocrx_word' id='word_1_27' title='bbox 1044 357 1272 408; x_wconf 77' lang='lat' dir='ltr'>excogitata</span> <span class='ocrx_word' id='word_1_28' title='bbox 1304 360 1406 396; x_wconf 87' lang='lat' dir='ltr'>sunt.</span> <span class='ocrx_word' id='word_1_29' title='bbox 1473 357 1566 397; x_wconf 86' lang='lat' dir='ltr'>Sive</span> <span class='ocrx_word' id='word_1_30' title='bbox 1601 356 1706 395; x_wconf 86' lang='lat' dir='ltr'>enim</span> 
     </span>
     <span class='ocr_line' id='line_1_5' title="bbox 193 425 1708 481; baseline 0 -14"><span class='ocrx_word' id='word_1_31' title='bbox 193 428 440 468; x_wconf 74' lang='lat' dir='ltr'>librariorum</span> <span class='ocrx_word' id='word_1_32' title='bbox 470 425 581 478; x_wconf 87' lang='lat' dir='ltr'>culpa</span> <span class='ocrx_word' id='word_1_33' title='bbox 609 439 792 479; x_wconf 88' lang='lat' dir='ltr'>versum,</span> <span class='ocrx_word' id='word_1_34' title='bbox 834 428 987 481; x_wconf 79' lang='lat' dir='ltr'>qualem</span> <span class='ocrx_word' id='word_1_35' title='bbox 1024 429 1134 468; x_wconf 83' lang='lat' dir='ltr'>finxit</span> <span class='ocrx_word' id='word_1_36' title='bbox 1173 427 1483 478; x_wconf 77' lang='lat' dir='ltr'>Valckenarius,</span> <span class='ocrx_word' id='word_1_37' title='bbox 1509 428 1708 480; x_wconf 77' lang='lat' dir='ltr'>paullatim</span> 
     </span>
     <span class='ocr_line' id='line_1_6' title="bbox 197 499 1710 552; baseline 0 -12"><span class='ocrx_word' id='word_1_38' title='bbox 197 502 303 540; x_wconf 91' lang='lat' dir='ltr'>omni</span> <span class='ocrx_word' id='word_1_39' title='bbox 335 505 459 540; x_wconf 90' lang='lat' dir='ltr'>metro</span> <span class='ocrx_word' id='word_1_40' title='bbox 489 504 646 539; x_wconf 88' lang='lat' dir='ltr'>exutum</span> <span class='ocrx_word' id='word_1_41' title='bbox 679 512 794 550; x_wconf 82' lang='lat' dir='ltr'>esse,</span> <span class='ocrx_word' id='word_1_42' title='bbox 824 505 862 540; x_wconf 90' lang='lat' dir='ltr'>ct</span> <span class='ocrx_word' id='word_1_43' title='bbox 892 502 930 540; x_wconf 88' lang='lat' dir='ltr'>in</span> <span class='ocrx_word' id='word_1_44' title='bbox 963 501 1065 540; x_wconf 86' lang='lat' dir='ltr'>haec</span> <span class='ocrx_word' id='word_1_45' title='bbox 1095 512 1196 552; x_wconf 87' lang='lat' dir='ltr'>quae</span> <span class='ocrx_word' id='word_1_46' title='bbox 1229 512 1336 539; x_wconf 92' lang='lat' dir='ltr'>nunc</span> <span class='ocrx_word' id='word_1_47' title='bbox 1367 500 1468 552; x_wconf 90' lang='lat' dir='ltr'>apud</span> <span class='ocrx_word' id='word_1_48' title='bbox 1501 499 1710 552; x_wconf 77' lang='lat' dir='ltr'>Olympio-</span> 
     </span>
     <span class='ocr_line' id='line_1_7' title="bbox 198 573 1709 626; baseline 0.001 -15"><span class='ocrx_word' id='word_1_49' title='bbox 198 573 337 612; x_wconf 86' lang='lat' dir='ltr'>dorum</span> <span class='ocrx_word' id='word_1_50' title='bbox 366 573 550 625; x_wconf 84' lang='lat' dir='ltr'>leguntur</span> <span class='ocrx_word' id='word_1_51' title='bbox 588 585 752 625; x_wconf 88' lang='lat' dir='ltr'>prorsus</span> <span class='ocrx_word' id='word_1_52' title='bbox 782 574 982 626; x_wconf 74' lang='lat' dir='ltr'>pedestria</span> <span class='ocrx_word' id='word_1_53' title='bbox 1019 574 1342 614; x_wconf 78' lang='lat' dir='ltr'>transformatum</span> <span class='ocrx_word' id='word_1_54' title='bbox 1385 577 1533 612; x_wconf 87' lang='lat' dir='ltr'>statuas</span> <span class='ocrx_word' id='word_1_55' title='bbox 1554 603 1564 623; x_wconf 96' lang='lat'>,</span> <span class='ocrx_word' id='word_1_56' title='bbox 1592 584 1709 612; x_wconf 89' lang='lat' dir='ltr'>nemo</span> 
     </span>
     <span class='ocr_line' id='line_1_8' title="bbox 202 643 1711 697; baseline 0 -14"><span class='ocrx_word' id='word_1_57' title='bbox 202 643 363 695; x_wconf 86' lang='lat' dir='ltr'>credet,</span> <span class='ocrx_word' id='word_1_58' title='bbox 397 656 512 697; x_wconf 91' lang='lat' dir='ltr'>quum</span> <span class='ocrx_word' id='word_1_59' title='bbox 545 645 610 695; x_wconf 88' lang='lat' dir='ltr'>qui</span> <span class='ocrx_word' id='word_1_60' title='bbox 641 650 857 696; x_wconf 85' lang='lat' dir='ltr'>sequuntur</span> <span class='ocrx_word' id='word_1_61' title='bbox 889 657 1028 685; x_wconf 88' lang='lat' dir='ltr'>versus</span> <span class='ocrx_word' id='word_1_62' title='bbox 1058 645 1289 685; x_wconf 80' lang='lat' dir='ltr'>Callimachi</span> <span class='ocrx_word' id='word_1_63' title='bbox 1325 646 1421 686; x_wconf 90' lang='lat' dir='ltr'>nihil</span> <span class='ocrx_word' id='word_1_64' title='bbox 1458 645 1560 685; x_wconf 90' lang='lat' dir='ltr'>labis</span> <span class='ocrx_word' id='word_1_65' title='bbox 1602 645 1711 697; x_wconf 90' lang='lat' dir='ltr'>passi</span> 
     </span>
     <span class='ocr_line' id='line_1_9' title="bbox 199 717 1714 771; baseline -0.001 -14"><span class='ocrx_word' id='word_1_66' title='bbox 199 717 291 766; x_wconf 83' lang='lat' dir='ltr'>sint,</span> <span class='ocrx_word' id='word_1_67' title='bbox 323 717 361 755; x_wconf 88' lang='lat' dir='ltr'>in</span> <span class='ocrx_word' id='word_1_68' title='bbox 390 717 505 756; x_wconf 88' lang='lat' dir='ltr'>istum</span> <span class='ocrx_word' id='word_1_69' title='bbox 534 728 651 757; x_wconf 90' lang='lat' dir='ltr'>unum</span> <span class='ocrx_word' id='word_1_70' title='bbox 683 721 761 758; x_wconf 90' lang='lat' dir='ltr'>tam</span> <span class='ocrx_word' id='word_1_71' title='bbox 787 718 1001 758; x_wconf 87' lang='lat' dir='ltr'>crudeliter</span> <span class='ocrx_word' id='word_1_72' title='bbox 1028 722 1234 771; x_wconf 73' lang='lat' dir='ltr'>grassatos</span> <span class='ocrx_word' id='word_1_73' title='bbox 1255 731 1346 759; x_wconf 88' lang='lat' dir='ltr'>esse</span> <span class='ocrx_word' id='word_1_74' title='bbox 1374 719 1582 767; x_wconf 87' lang='lat' dir='ltr'>librarios;</span> <span class='ocrx_word' id='word_1_75' title='bbox 1614 717 1714 767; x_wconf 86' lang='lat' dir='ltr'>sive,</span> 
     </span>
     <span class='ocr_line' id='line_1_10' title="bbox 200 789 1715 843; baseline 0 -15"><span class='ocrx_word' id='word_1_76' title='bbox 200 802 303 841; x_wconf 83' lang='lat' dir='ltr'>quac</span> <span class='ocrx_word' id='word_1_77' title='bbox 333 789 437 829; x_wconf 84' lang='lat' dir='ltr'>haud</span> <span class='ocrx_word' id='word_1_78' title='bbox 467 789 584 829; x_wconf 89' lang='lat' dir='ltr'>dubie</span> <span class='ocrx_word' id='word_1_79' title='bbox 615 803 726 830; x_wconf 88' lang='lat' dir='ltr'>mens</span> <span class='ocrx_word' id='word_1_80' title='bbox 758 791 828 831; x_wconf 80' lang='lat' dir='ltr'>suit</span> <span class='ocrx_word' id='word_1_81' title='bbox 857 791 1122 841; x_wconf 86' lang='lat' dir='ltr'>Valckenarii,</span> <span class='ocrx_word' id='word_1_82' title='bbox 1150 791 1277 843; x_wconf 88' lang='lat' dir='ltr'>ipsum</span> <span class='ocrx_word' id='word_1_83' title='bbox 1307 804 1358 832; x_wconf 83' lang='lat' dir='ltr'>ex</span> <span class='ocrx_word' id='word_1_84' title='bbox 1385 803 1505 830; x_wconf 88' lang='lat' dir='ltr'>versu</span> <span class='ocrx_word' id='word_1_85' title='bbox 1528 790 1715 830; x_wconf 89' lang='lat' dir='ltr'>Callima—</span> 
     </span>
     <span class='ocr_line' id='line_1_11' title="bbox 205 861 1717 916; baseline -0.001 -14"><span class='ocrx_word' id='word_1_86' title='bbox 205 862 268 902; x_wconf 89' lang='lat' dir='ltr'>chi</span> <span class='ocrx_word' id='word_1_87' title='bbox 303 864 377 903; x_wconf 92' lang='lat' dir='ltr'>ista</span> <span class='ocrx_word' id='word_1_88' title='bbox 408 862 555 902; x_wconf 86' lang='lat' dir='ltr'>secisse</span> <span class='ocrx_word' id='word_1_89' title='bbox 586 862 787 914; x_wconf 72' lang='lat' dir='ltr'>pedestria</span> <span class='ocrx_word' id='word_1_90' title='bbox 820 863 1146 916; x_wconf 78' lang='lat' dir='ltr'>olympiodorum</span> <span class='ocrx_word' id='word_1_91' title='bbox 1177 864 1304 915; x_wconf 83' lang='lat' dir='ltr'>dicaS,</span> <span class='ocrx_word' id='word_1_92' title='bbox 1333 863 1494 905; x_wconf 87' lang='lat' dir='ltr'>minime</span> <span class='ocrx_word' id='word_1_93' title='bbox 1527 861 1717 902; x_wconf 78' lang='lat' dir='ltr'>credibile</span> 
     </span>
     <span class='ocr_line' id='line_1_12' title="bbox 202 934 1718 989; baseline -0.001 -14"><span class='ocrx_word' id='word_1_94' title='bbox 202 941 288 987; x_wconf 88' lang='lat' dir='ltr'>est,</span> <span class='ocrx_word' id='word_1_95' title='bbox 325 935 647 988; x_wconf 71' lang='lat' dir='ltr'>Olympiodorum</span> <span class='ocrx_word' id='word_1_96' title='bbox 692 937 925 989; x_wconf 83' lang='lat' dir='ltr'>paraphrasi</span> <span class='ocrx_word' id='word_1_97' title='bbox 968 936 1299 977; x_wconf 84' lang='lat' dir='ltr'>circumscribere</span> <span class='ocrx_word' id='word_1_98' title='bbox 1338 948 1497 976; x_wconf 89' lang='lat' dir='ltr'>versum</span> <span class='ocrx_word' id='word_1_99' title='bbox 1530 934 1718 975; x_wconf 88' lang='lat' dir='ltr'>Callima-</span> 
     </span>
     <span class='ocr_line' id='line_1_13' title="bbox 205 1005 1718 1061; baseline -0.001 -14"><span class='ocrx_word' id='word_1_100' title='bbox 205 1008 359 1060; x_wconf 87' lang='lat' dir='ltr'>chcum,</span> <span class='ocrx_word' id='word_1_101' title='bbox 389 1021 516 1061; x_wconf 89' lang='lat' dir='ltr'>quam,</span> <span class='ocrx_word' id='word_1_102' title='bbox 545 1009 651 1060; x_wconf 89' lang='lat' dir='ltr'>quod</span> <span class='ocrx_word' id='word_1_103' title='bbox 679 1020 806 1059; x_wconf 86' lang='lat' dir='ltr'>aeque</span> <span class='ocrx_word' id='word_1_104' title='bbox 836 1009 984 1058; x_wconf 81' lang='lat' dir='ltr'>breve,</span> <span class='ocrx_word' id='word_1_105' title='bbox 1012 1008 1078 1047; x_wconf 88' lang='lat' dir='ltr'>vel</span> <span class='ocrx_word' id='word_1_106' title='bbox 1109 1007 1226 1047; x_wconf 89' lang='lat' dir='ltr'>etiam</span> <span class='ocrx_word' id='word_1_107' title='bbox 1259 1007 1419 1046; x_wconf 89' lang='lat' dir='ltr'>brevius</span> <span class='ocrx_word' id='word_1_108' title='bbox 1451 1010 1561 1057; x_wconf 85' lang='lat' dir='ltr'>erat,</span> <span class='ocrx_word' id='word_1_109' title='bbox 1591 1005 1718 1059; x_wconf 90' lang='lat' dir='ltr'>ipsum</span> 
     </span>
     <span class='ocr_line' id='line_1_14' title="bbox 204 1075 1718 1131; baseline -0.002 -11"><span class='ocrx_word' id='word_1_110' title='bbox 204 1091 407 1131; x_wconf 80' lang='lat' dir='ltr'>apponere</span> <span class='ocrx_word' id='word_1_111' title='bbox 435 1092 592 1119; x_wconf 90' lang='lat' dir='ltr'>versum</span> <span class='ocrx_word' id='word_1_112' title='bbox 625 1080 823 1119; x_wconf 86' lang='lat' dir='ltr'>maluisse.</span> <span class='ocrx_word' id='word_1_113' title='bbox 882 1078 977 1118; x_wconf 88' lang='lat' dir='ltr'>Mihi</span> <span class='ocrx_word' id='word_1_114' title='bbox 1005 1077 1128 1117; x_wconf 88' lang='lat' dir='ltr'>verba</span> <span class='ocrx_word' id='word_1_115' title='bbox 1159 1076 1279 1130; x_wconf 74' lang='grc' dir='ltr'><em>ἡνίκα</em></span> <span class='ocrx_word' id='word_1_116' title='bbox 1307 1103 1361 1111; x_wconf 77' lang='lat'><strong>—</strong></span> <span class='ocrx_word' id='word_1_117' title='bbox 1386 1075 1520 1118; x_wconf 69' lang='grc' dir='ltr'><em>ταῦτα’</em></span> <span class='ocrx_word' id='word_1_118' title='bbox 1551 1077 1718 1117; x_wconf 90' lang='lat' dir='ltr'>duorum</span> 
     </span>
     <span class='ocr_line' id='line_1_15' title="bbox 205 1149 1719 1202; baseline -0.001 -11"><span class='ocrx_word' id='word_1_119' title='bbox 205 1152 268 1191; x_wconf 85' lang='lat' dir='ltr'>vel</span> <span class='ocrx_word' id='word_1_120' title='bbox 299 1152 414 1191; x_wconf 86' lang='lat' dir='ltr'>trium</span> <span class='ocrx_word' id='word_1_121' title='bbox 432 1163 615 1192; x_wconf 87' lang='lat' dir='ltr'>versuum</span> <span class='ocrx_word' id='word_1_122' title='bbox 637 1150 995 1190; x_wconf 87' lang='lat' dir='ltr'>Callimachcorum</span> <span class='ocrx_word' id='word_1_123' title='bbox 1019 1149 1205 1191; x_wconf 90' lang='lat' dir='ltr'>videntur</span> <span class='ocrx_word' id='word_1_124' title='bbox 1224 1149 1476 1202; x_wconf 81' lang='lat' dir='ltr'>paraphrasis</span> <span class='ocrx_word' id='word_1_125' title='bbox 1498 1161 1607 1199; x_wconf 86' lang='lat' dir='ltr'>esse;</span> <span class='ocrx_word' id='word_1_126' title='bbox 1623 1161 1719 1189; x_wconf 87' lang='lat' dir='ltr'>ver-</span> 
     </span>
     <span class='ocr_line' id='line_1_16' title="bbox 207 1222 1719 1275; baseline -0.001 -8"><span class='ocrx_word' id='word_1_127' title='bbox 207 1225 348 1267; x_wconf 83' lang='lat' dir='ltr'>borum</span> <span class='ocrx_word' id='word_1_128' title='bbox 378 1230 507 1267; x_wconf 86' lang='lat' dir='ltr'>autem</span> <span class='ocrx_word' id='word_1_129' title='bbox 536 1223 764 1265; x_wconf 81' lang='lat' dir='ltr'>Callimachi</span> <span class='ocrx_word' id='word_1_130' title='bbox 791 1223 826 1263; x_wconf 89' lang='lat' dir='ltr'>si</span> <span class='ocrx_word' id='word_1_131' title='bbox 859 1223 953 1275; x_wconf 88' lang='lat' dir='ltr'>quid</span> <span class='ocrx_word' id='word_1_132' title='bbox 981 1222 1022 1263; x_wconf 92' lang='lat' dir='ltr'>in</span> <span class='ocrx_word' id='word_1_133' title='bbox 1051 1222 1112 1262; x_wconf 89' lang='lat' dir='ltr'>his</span> <span class='ocrx_word' id='word_1_134' title='bbox 1144 1223 1328 1274; x_wconf 84' lang='lat' dir='ltr'>supersit,</span> <span class='ocrx_word' id='word_1_135' title='bbox 1357 1222 1435 1263; x_wconf 92' lang='lat' dir='ltr'>hoc</span> <span class='ocrx_word' id='word_1_136' title='bbox 1465 1222 1551 1263; x_wconf 85' lang='lat' dir='ltr'>fere</span> <span class='ocrx_word' id='word_1_137' title='bbox 1581 1223 1719 1267; x_wconf 74' lang='lat' dir='ltr'>sueritz</span> 
     </span>
     <span class='ocr_line' id='line_1_17' title="bbox 427 1291 1459 1356; baseline 0.001 -19"><span class='ocrx_word' id='word_1_138' title='bbox 427 1295 546 1350; x_wconf 76' lang='grc' dir='ltr'><em>ἡνίκα</em></span> <span class='ocrx_word' id='word_1_139' title='bbox 575 1298 653 1356; x_wconf 53' lang='grc' dir='ltr'>μὲν</span> <span class='ocrx_word' id='word_1_140' title='bbox 680 1293 762 1349; x_wconf 73' lang='grc' dir='ltr'>γὰρ</span> <span class='ocrx_word' id='word_1_141' title='bbox 793 1291 925 1336; x_wconf 74' lang='grc' dir='ltr'>ταύτόὶ</span> <span class='ocrx_word' id='word_1_142' title='bbox 956 1297 1051 1348; x_wconf 84' lang='grc' dir='ltr'><em>μετ’</em></span> <span class='ocrx_word' id='word_1_143' title='bbox 1079 1291 1339 1349; x_wconf 73' lang='grc' dir='ltr'>ἀνθρώποισι</span> <span class='ocrx_word' id='word_1_144' title='bbox 1369 1324 1379 1336; x_wconf 84' lang='grc'><strong>.</strong></span> <span class='ocrx_word' id='word_1_145' title='bbox 1410 1324 1422 1336; x_wconf 87' lang='grc'><strong>.</strong></span> <span class='ocrx_word' id='word_1_146' title='bbox 1448 1325 1459 1339; x_wconf 77' lang='grc'><strong>.</strong></span> 
     </span>
     <span class='ocr_line' id='line_1_18' title="bbox 430 1371 709 1423; baseline -0.004 -15"><span class='ocrx_word' id='word_1_147' title='bbox 430 1371 627 1423; x_wconf 79' lang='grc' dir='ltr'>φαίνεται</span> <span class='ocrx_word' id='word_1_148' title='bbox 660 1391 709 1398; x_wconf 91' lang='lat'>-—</span> 
     </span>
    </p>

    <p class='ocr_par' dir='ltr' id='par_1_3' title="bbox 211 1437 1730 2362">
     <span class='ocr_line' id='line_1_19' title="bbox 211 1437 1727 1494; baseline -0.001 -14"><span class='ocrx_word' id='word_1_149' title='bbox 211 1440 330 1494; x_wconf 72' lang='grc' dir='ltr'><em>ἡνίκα</em></span> <span class='ocrx_word' id='word_1_150' title='bbox 360 1441 436 1492; x_wconf 81' lang='grc' dir='ltr'>μὲν</span> <span class='ocrx_word' id='word_1_151' title='bbox 465 1437 543 1494; x_wconf 65' lang='grc' dir='ltr'>γάρ</span> <span class='ocrx_word' id='word_1_152' title='bbox 574 1453 741 1481; x_wconf 89' lang='lat' dir='ltr'>caesura</span> <span class='ocrx_word' id='word_1_153' title='bbox 767 1442 894 1493; x_wconf 85' lang='lat' dir='ltr'>magis</span> <span class='ocrx_word' id='word_1_154' title='bbox 911 1439 1068 1493; x_wconf 87' lang='lat' dir='ltr'>quidem</span> <span class='ocrx_word' id='word_1_155' title='bbox 1084 1439 1295 1480; x_wconf 85' lang='lat' dir='ltr'>Homerica</span> <span class='ocrx_word' id='word_1_156' title='bbox 1315 1446 1430 1491; x_wconf 85' lang='lat' dir='ltr'>quam</span> <span class='ocrx_word' id='word_1_157' title='bbox 1448 1438 1727 1490; x_wconf 87' lang='lat' dir='ltr'>Callimachea,</span> 
     </span>
     <span class='ocr_line' id='line_1_20' title="bbox 214 1511 1724 1565; baseline 0 -11"><span class='ocrx_word' id='word_1_158' title='bbox 214 1513 287 1554; x_wconf 83' lang='lat' dir='ltr'>sed</span> <span class='ocrx_word' id='word_1_159' title='bbox 321 1513 370 1553; x_wconf 89' lang='lat' dir='ltr'>ad</span> <span class='ocrx_word' id='word_1_160' title='bbox 401 1526 516 1565; x_wconf 88' lang='lat' dir='ltr'>quam</span> <span class='ocrx_word' id='word_1_161' title='bbox 549 1517 680 1553; x_wconf 84' lang='lat' dir='ltr'>tamen</span> <span class='ocrx_word' id='word_1_162' title='bbox 718 1514 897 1565; x_wconf 82' lang='lat' dir='ltr'>proxime</span> <span class='ocrx_word' id='word_1_163' title='bbox 928 1511 1124 1554; x_wconf 86' lang='lat' dir='ltr'>accedunt</span> <span class='ocrx_word' id='word_1_164' title='bbox 1157 1511 1259 1552; x_wconf 85' lang='lat' dir='ltr'>haec</span> <span class='ocrx_word' id='word_1_165' title='bbox 1290 1514 1494 1565; x_wconf 79' lang='lat' dir='ltr'>exempla:</span> <span class='ocrx_word' id='word_1_166' title='bbox 1526 1511 1563 1552; x_wconf 90' lang='lat' dir='ltr'>h.</span> <span class='ocrx_word' id='word_1_167' title='bbox 1594 1512 1724 1564; x_wconf 89' lang='lat' dir='ltr'>Apoll.</span> 
     </span>
     <span class='ocr_line' id='line_1_21' title="bbox 213 1585 1728 1639; baseline 0 -13"><span class='ocrx_word' id='word_1_168' title='bbox 213 1587 280 1626; x_wconf 62' lang='lat'>257.</span> <span class='ocrx_word' id='word_1_169' title='bbox 312 1586 350 1626; x_wconf 93' lang='lat' dir='ltr'>h.</span> <span class='ocrx_word' id='word_1_170' title='bbox 378 1585 465 1626; x_wconf 90' lang='lat' dir='ltr'>Del.</span> <span class='ocrx_word' id='word_1_171' title='bbox 480 1585 545 1625; x_wconf 73' lang='lat'>39.</span> <span class='ocrx_word' id='word_1_172' title='bbox 567 1585 632 1625; x_wconf 78' lang='lat'>59.</span> <span class='ocrx_word' id='word_1_173' title='bbox 691 1586 788 1626; x_wconf 84' lang='lat' dir='ltr'>Sunt</span> <span class='ocrx_word' id='word_1_174' title='bbox 817 1590 855 1625; x_wconf 86' lang='lat' dir='ltr'>et</span> <span class='ocrx_word' id='word_1_175' title='bbox 886 1585 976 1634; x_wconf 88' lang='lat' dir='ltr'>alia,</span> <span class='ocrx_word' id='word_1_176' title='bbox 1006 1586 1045 1626; x_wconf 90' lang='lat' dir='ltr'>in</span> <span class='ocrx_word' id='word_1_177' title='bbox 1077 1585 1218 1638; x_wconf 91' lang='lat' dir='ltr'>quibus</span> <span class='ocrx_word' id='word_1_178' title='bbox 1246 1590 1310 1626; x_wconf 84' lang='lat' dir='ltr'>aut</span> <span class='ocrx_word' id='word_1_179' title='bbox 1337 1585 1601 1639; x_wconf 81' lang='lat' dir='ltr'>interpunctio</span> <span class='ocrx_word' id='word_1_180' title='bbox 1631 1598 1728 1626; x_wconf 89' lang='lat' dir='ltr'>suc-</span> 
     </span>
     <span class='ocr_line' id='line_1_22' title="bbox 216 1658 1726 1710; baseline 0.001 -12"><span class='ocrx_word' id='word_1_181' title='bbox 216 1659 351 1707; x_wconf 82' lang='lat' dir='ltr'>currit,</span> <span class='ocrx_word' id='word_1_182' title='bbox 384 1663 449 1701; x_wconf 85' lang='lat' dir='ltr'>aut</span> <span class='ocrx_word' id='word_1_183' title='bbox 475 1658 528 1698; x_wconf 84' lang='lat' dir='ltr'>ita</span> <span class='ocrx_word' id='word_1_184' title='bbox 548 1662 638 1698; x_wconf 86' lang='lat' dir='ltr'>sunt</span> <span class='ocrx_word' id='word_1_185' title='bbox 658 1658 781 1698; x_wconf 87' lang='lat' dir='ltr'>verba</span> <span class='ocrx_word' id='word_1_186' title='bbox 810 1658 1009 1709; x_wconf 85' lang='lat' dir='ltr'>ordinata,</span> <span class='ocrx_word' id='word_1_187' title='bbox 1029 1662 1083 1708; x_wconf 82' lang='lat' dir='ltr'>ut,</span> <span class='ocrx_word' id='word_1_188' title='bbox 1111 1658 1146 1697; x_wconf 91' lang='lat' dir='ltr'>si</span> <span class='ocrx_word' id='word_1_189' title='bbox 1170 1659 1391 1710; x_wconf 84' lang='lat' dir='ltr'>coniungas</span> <span class='ocrx_word' id='word_1_190' title='bbox 1409 1659 1726 1710; x_wconf 88' lang='lat' dir='ltr'>pronunciando,</span> 
     </span>
     <span class='ocr_line' id='line_1_23' title="bbox 217 1730 1728 1785; baseline -0.001 -13"><span class='ocrx_word' id='word_1_191' title='bbox 217 1744 318 1784; x_wconf 87' lang='lat' dir='ltr'>quae</span> <span class='ocrx_word' id='word_1_192' title='bbox 338 1732 459 1771; x_wconf 84' lang='lat' dir='ltr'>verba</span> <span class='ocrx_word' id='word_1_193' title='bbox 490 1731 712 1771; x_wconf 84' lang='lat' dir='ltr'>arctissime</span> <span class='ocrx_word' id='word_1_194' title='bbox 738 1730 925 1783; x_wconf 82' lang='lat' dir='ltr'>coniungi</span> <span class='ocrx_word' id='word_1_195' title='bbox 944 1742 1087 1771; x_wconf 89' lang='lat' dir='ltr'>sensus</span> <span class='ocrx_word' id='word_1_196' title='bbox 1116 1730 1239 1782; x_wconf 87' lang='lat' dir='ltr'>iubet,</span> <span class='ocrx_word' id='word_1_197' title='bbox 1267 1743 1369 1784; x_wconf 89' lang='lat' dir='ltr'>quae</span> <span class='ocrx_word' id='word_1_198' title='bbox 1397 1735 1525 1772; x_wconf 87' lang='lat' dir='ltr'>autem</span> <span class='ocrx_word' id='word_1_199' title='bbox 1554 1731 1728 1785; x_wconf 82' lang='lat' dir='ltr'>disiungi</span> 
     </span>
     <span class='ocr_line' id='line_1_24' title="bbox 216 1803 1729 1856; baseline -0.001 -12"><span class='ocrx_word' id='word_1_200' title='bbox 216 1805 348 1855; x_wconf 86' lang='lat' dir='ltr'>iubet,</span> <span class='ocrx_word' id='word_1_201' title='bbox 382 1803 611 1855; x_wconf 82' lang='lat' dir='ltr'>disiungas,</span> <span class='ocrx_word' id='word_1_202' title='bbox 643 1814 759 1843; x_wconf 87' lang='lat' dir='ltr'>nemo</span> <span class='ocrx_word' id='word_1_203' title='bbox 800 1803 1087 1843; x_wconf 86' lang='lat' dir='ltr'>animadvertat</span> <span class='ocrx_word' id='word_1_204' title='bbox 1115 1815 1322 1843; x_wconf 87' lang='lat' dir='ltr'>caesuram</span> <span class='ocrx_word' id='word_1_205' title='bbox 1362 1808 1451 1856; x_wconf 87' lang='lat' dir='ltr'>post</span> <span class='ocrx_word' id='word_1_206' title='bbox 1487 1803 1629 1856; x_wconf 88' lang='lat' dir='ltr'>pedem</span> <span class='ocrx_word' id='word_1_207' title='bbox 1657 1816 1729 1844; x_wconf 73' lang='lat' dir='ltr'>sc-</span> 
     </span>
     <span class='ocr_line' id='line_1_25' title="bbox 218 1873 1726 1928; baseline -0.001 -12"><span class='ocrx_word' id='word_1_208' title='bbox 218 1877 413 1917; x_wconf 84' lang='lat' dir='ltr'>cundum:</span> <span class='ocrx_word' id='word_1_209' title='bbox 442 1876 480 1918; x_wconf 90' lang='lat' dir='ltr'>h.</span> <span class='ocrx_word' id='word_1_210' title='bbox 510 1875 640 1928; x_wconf 88' lang='lat' dir='ltr'>Apoll.</span> <span class='ocrx_word' id='word_1_211' title='bbox 670 1875 736 1914; x_wconf 71' lang='lat'>44.</span> <span class='ocrx_word' id='word_1_212' title='bbox 771 1874 861 1915; x_wconf 72' lang='lat'>109.</span> <span class='ocrx_word' id='word_1_213' title='bbox 890 1873 928 1914; x_wconf 89' lang='lat' dir='ltr'>h.</span> <span class='ocrx_word' id='word_1_214' title='bbox 956 1874 1071 1915; x_wconf 83' lang='lat' dir='ltr'>Dian.</span> <span class='ocrx_word' id='word_1_215' title='bbox 1104 1874 1192 1914; x_wconf 77' lang='lat'>131.</span> <span class='ocrx_word' id='word_1_216' title='bbox 1226 1874 1315 1915; x_wconf 75' lang='lat'>132,</span> <span class='ocrx_word' id='word_1_217' title='bbox 1338 1874 1431 1917; x_wconf 71' lang='lat'>223.</span> <span class='ocrx_word' id='word_1_218' title='bbox 1461 1874 1553 1916; x_wconf 74' lang='lat'>249.</span> <span class='ocrx_word' id='word_1_219' title='bbox 1585 1875 1621 1914; x_wconf 90' lang='lat' dir='ltr'>h.</span> <span class='ocrx_word' id='word_1_220' title='bbox 1641 1874 1726 1915; x_wconf 89' lang='lat' dir='ltr'>Del.</span> 
     </span>
     <span class='ocr_line' id='line_1_26' title="bbox 222 1944 1726 1999; baseline -0.001 -11"><span class='ocrx_word' id='word_1_221' title='bbox 222 1949 312 1989; x_wconf 70' lang='lat'>113.</span> <span class='ocrx_word' id='word_1_222' title='bbox 343 1947 431 1990; x_wconf 73' lang='lat'>119,</span> <span class='ocrx_word' id='word_1_223' title='bbox 470 1947 605 1999; x_wconf 84' lang='lat' dir='ltr'>Epigr.</span> <span class='ocrx_word' id='word_1_224' title='bbox 634 1945 716 1989; x_wconf 88' lang='lat' dir='ltr'>XV.</span> <span class='ocrx_word' id='word_1_225' title='bbox 748 1945 783 1987; x_wconf 85' lang='lat'>1.</span> <span class='ocrx_word' id='word_1_226' title='bbox 828 1945 982 1997; x_wconf 86' lang='lat' dir='ltr'>Fragm.</span> <span class='ocrx_word' id='word_1_227' title='bbox 1009 1944 1124 1987; x_wconf 83' lang='lat' dir='ltr'><strong>XLII.</strong></span> <span class='ocrx_word' id='word_1_228' title='bbox 1156 1945 1270 1985; x_wconf 91' lang='lat' dir='ltr'><strong>XLV.</strong></span> <span class='ocrx_word' id='word_1_229' title='bbox 1296 1947 1392 1987; x_wconf 88' lang='lat' dir='ltr'><strong>CXI.</strong></span> <span class='ocrx_word' id='word_1_230' title='bbox 1422 1947 1460 1988; x_wconf 80' lang='lat'>3.</span> <span class='ocrx_word' id='word_1_231' title='bbox 1492 1946 1663 1987; x_wconf 82' lang='lat' dir='ltr'>CXXIII.</span> <span class='ocrx_word' id='word_1_232' title='bbox 1692 1947 1726 1987; x_wconf 86' lang='lat'>1.</span> 
     </span>
     <span class='ocr_line' id='line_1_27' title="bbox 221 2016 1730 2071; baseline -0.002 -10"><span class='ocrx_word' id='word_1_233' title='bbox 221 2017 876 2062; x_wconf 81' lang='lat' dir='ltr'>CXXXVI.CCXXX1LCCCVHI.</span> <span class='ocrx_word' id='word_1_234' title='bbox 933 2017 1004 2057; x_wconf 89' lang='lat' dir='ltr'>Vel</span> <span class='ocrx_word' id='word_1_235' title='bbox 1033 2019 1116 2058; x_wconf 85' lang='lat' dir='ltr'>sic:</span> <span class='ocrx_word' id='word_1_236' title='bbox 1148 2016 1249 2071; x_wconf 74' lang='grc' dir='ltr'><strong><em>ἡνίκ’</em></strong></span> <span class='ocrx_word' id='word_1_237' title='bbox 1278 2019 1321 2059; x_wconf 78' lang='grc' dir='ltr'>ἐν</span> <span class='ocrx_word' id='word_1_238' title='bbox 1354 2020 1671 2071; x_wconf 72' lang='grc' dir='ltr'>ἀνθρώποισι..</span> <span class='ocrx_word' id='word_1_239' title='bbox 1691 2047 1700 2057; x_wconf 91' lang='grc'><strong>.</strong></span> <span class='ocrx_word' id='word_1_240' title='bbox 1718 2046 1730 2058; x_wconf 93' lang='grc'><strong>.</strong></span> 
     </span>
     <span class='ocr_line' id='line_1_28' title="bbox 217 2090 1729 2146; baseline -0.004 -11"><span class='ocrx_word' id='word_1_241' title='bbox 217 2092 352 2135; x_wconf 76' lang='grc' dir='ltr'>ταύτὰ</span> <span class='ocrx_word' id='word_1_242' title='bbox 381 2124 390 2132; x_wconf 93' lang='grc'><em>.</em></span> <span class='ocrx_word' id='word_1_243' title='bbox 423 2124 432 2134; x_wconf 89' lang='grc'><strong>.</strong></span> <span class='ocrx_word' id='word_1_244' title='bbox 462 2124 472 2135; x_wconf 89' lang='grc'><strong>.</strong></span> <span class='ocrx_word' id='word_1_245' title='bbox 504 2093 707 2146; x_wconf 74' lang='grc' dir='ltr'><em>φαίνεται.</em></span> <span class='ocrx_word' id='word_1_246' title='bbox 763 2095 896 2143; x_wconf 84' lang='lat' dir='ltr'>potest</span> <span class='ocrx_word' id='word_1_247' title='bbox 936 2091 1040 2131; x_wconf 90' lang='lat' dir='ltr'>enim</span> <span class='ocrx_word' id='word_1_248' title='bbox 1077 2090 1155 2144; x_wconf 78' lang='grc' dir='ltr'>γάρ</span> <span class='ocrx_word' id='word_1_249' title='bbox 1196 2091 1414 2144; x_wconf 89' lang='lat' dir='ltr'>particula,</span> <span class='ocrx_word' id='word_1_250' title='bbox 1453 2091 1516 2131; x_wconf 90' lang='lat' dir='ltr'>vel</span> <span class='ocrx_word' id='word_1_251' title='bbox 1558 2091 1658 2140; x_wconf 89' lang='lat' dir='ltr'>alia,</span> <span class='ocrx_word' id='word_1_252' title='bbox 1689 2091 1729 2130; x_wconf 93' lang='lat' dir='ltr'>in</span> 
     </span>
     <span class='ocr_line' id='line_1_29' title="bbox 219 2161 1729 2216; baseline -0.001 -11"><span class='ocrx_word' id='word_1_253' title='bbox 219 2178 338 2206; x_wconf 83' lang='lat' dir='ltr'>versu</span> <span class='ocrx_word' id='word_1_254' title='bbox 372 2166 493 2205; x_wconf 87' lang='lat' dir='ltr'>fuisse</span> <span class='ocrx_word' id='word_1_255' title='bbox 524 2177 598 2214; x_wconf 89' lang='lat' dir='ltr'>eo,</span> <span class='ocrx_word' id='word_1_256' title='bbox 625 2164 691 2216; x_wconf 87' lang='lat' dir='ltr'>qui</span> <span class='ocrx_word' id='word_1_257' title='bbox 724 2163 1003 2216; x_wconf 80' lang='lat' dir='ltr'>praecedebat.</span> <span class='ocrx_word' id='word_1_258' title='bbox 1062 2161 1196 2205; x_wconf 69' lang='grc' dir='ltr'>ταύτά</span> <span class='ocrx_word' id='word_1_259' title='bbox 1225 2166 1299 2204; x_wconf 90' lang='lat' dir='ltr'>etsi</span> <span class='ocrx_word' id='word_1_260' title='bbox 1328 2176 1410 2204; x_wconf 90' lang='lat' dir='ltr'>non</span> <span class='ocrx_word' id='word_1_261' title='bbox 1447 2162 1729 2215; x_wconf 83' lang='lat' dir='ltr'>spoponderim</span> 
     </span>
     <span class='ocr_line' id='line_1_30' title="bbox 222 2236 1728 2289; baseline 0 -11"><span class='ocrx_word' id='word_1_262' title='bbox 222 2251 314 2279; x_wconf 88' lang='lat' dir='ltr'>esse</span> <span class='ocrx_word' id='word_1_263' title='bbox 348 2252 370 2280; x_wconf 87' lang='lat' dir='ltr'>a</span> <span class='ocrx_word' id='word_1_264' title='bbox 401 2236 661 2287; x_wconf 79' lang='lat' dir='ltr'>Callimacho,</span> <span class='ocrx_word' id='word_1_265' title='bbox 688 2241 818 2288; x_wconf 88' lang='lat' dir='ltr'>putem</span> <span class='ocrx_word' id='word_1_266' title='bbox 847 2241 978 2276; x_wconf 85' lang='lat' dir='ltr'>tamen</span> <span class='ocrx_word' id='word_1_267' title='bbox 1019 2248 1139 2289; x_wconf 86' lang='lat' dir='ltr'>posse</span> <span class='ocrx_word' id='word_1_268' title='bbox 1181 2248 1205 2276; x_wconf 89' lang='lat' dir='ltr'>a</span> <span class='ocrx_word' id='word_1_269' title='bbox 1243 2236 1482 2277; x_wconf 87' lang='lat' dir='ltr'>Callimacho</span> <span class='ocrx_word' id='word_1_270' title='bbox 1524 2247 1644 2278; x_wconf 83' lang='lat' dir='ltr'>esse:</span> <span class='ocrx_word' id='word_1_271' title='bbox 1689 2248 1728 2278; x_wconf 79' lang='grc' dir='ltr'>ν.</span> 
     </span>
     <span class='ocr_line' id='line_1_31' title="bbox 223 2308 1380 2362; baseline -0.003 -8"><span class='ocrx_word' id='word_1_272' title='bbox 223 2312 301 2354; x_wconf 83' lang='lat' dir='ltr'>alia</span> <span class='ocrx_word' id='word_1_273' title='bbox 331 2322 494 2352; x_wconf 85' lang='lat' dir='ltr'>craseos</span> <span class='ocrx_word' id='word_1_274' title='bbox 523 2310 703 2362; x_wconf 85' lang='lat' dir='ltr'>exempla</span> <span class='ocrx_word' id='word_1_275' title='bbox 732 2309 782 2349; x_wconf 84' lang='lat' dir='ltr'>ad</span> <span class='ocrx_word' id='word_1_276' title='bbox 807 2310 962 2362; x_wconf 79' lang='lat' dir='ltr'>Fragm.</span> <span class='ocrx_word' id='word_1_277' title='bbox 989 2309 1108 2349; x_wconf 91' lang='lat' dir='ltr'>XLIV</span> <span class='ocrx_word' id='word_1_278' title='bbox 1124 2310 1162 2352; x_wconf 42' lang='grc' dir='ltr'>ἦ,</span> <span class='ocrx_word' id='word_1_279' title='bbox 1195 2309 1288 2361; x_wconf 86' lang='lat' dir='ltr'>Cap.</span> <span class='ocrx_word' id='word_1_280' title='bbox 1316 2308 1380 2350; x_wconf 85' lang='grc' dir='ltr'><strong>ΙΙΙ.</strong></span> 
     </span>
    </p>

    <p class='ocr_par' dir='ltr' id='par_1_4' title="bbox 222 2381 1733 2872">
     <span class='ocr_line' id='line_1_32' title="bbox 332 2381 1732 2435; baseline -0.004 -12"><span class='ocrx_word' id='word_1_281' title='bbox 332 2384 442 2435; x_wconf 82' lang='lat' dir='ltr'>Quae</span> <span class='ocrx_word' id='word_1_282' title='bbox 474 2386 597 2424; x_wconf 84' lang='lat' dir='ltr'>restat</span> <span class='ocrx_word' id='word_1_283' title='bbox 625 2382 664 2421; x_wconf 90' lang='lat' dir='ltr'>in</span> <span class='ocrx_word' id='word_1_284' title='bbox 693 2382 875 2421; x_wconf 87' lang='lat' dir='ltr'>versibus</span> <span class='ocrx_word' id='word_1_285' title='bbox 905 2381 1132 2422; x_wconf 87' lang='lat' dir='ltr'>Callimachi</span> <span class='ocrx_word' id='word_1_286' title='bbox 1163 2382 1383 2432; x_wconf 85' lang='lat' dir='ltr'>scripturae</span> <span class='ocrx_word' id='word_1_287' title='bbox 1411 2381 1601 2430; x_wconf 82' lang='lat' dir='ltr'>varietas,</span> <span class='ocrx_word' id='word_1_288' title='bbox 1630 2391 1732 2428; x_wconf 87' lang='lat' dir='ltr'>eam,</span> 
     </span>
     <span class='ocr_line' id='line_1_33' title="bbox 223 2451 1731 2509; baseline -0.004 -13"><span class='ocrx_word' id='word_1_289' title='bbox 223 2469 339 2509; x_wconf 83' lang='lat' dir='ltr'>quum</span> <span class='ocrx_word' id='word_1_290' title='bbox 371 2466 563 2495; x_wconf 87' lang='lat' dir='ltr'>novorum</span> <span class='ocrx_word' id='word_1_291' title='bbox 599 2453 864 2495; x_wconf 85' lang='lat' dir='ltr'>subsidiorum</span> <span class='ocrx_word' id='word_1_292' title='bbox 904 2454 1026 2505; x_wconf 85' lang='lat' dir='ltr'>nihil,</span> <span class='ocrx_word' id='word_1_293' title='bbox 1059 2466 1105 2493; x_wconf 89' lang='lat' dir='ltr'>ac</span> <span class='ocrx_word' id='word_1_294' title='bbox 1134 2465 1184 2493; x_wconf 92' lang='lat' dir='ltr'>nc</span> <span class='ocrx_word' id='word_1_295' title='bbox 1218 2452 1540 2505; x_wconf 81' lang='lat' dir='ltr'>Olympiodorum</span> <span class='ocrx_word' id='word_1_296' title='bbox 1574 2451 1731 2503; x_wconf 88' lang='lat' dir='ltr'>quidem</span> 
     </span>
     <span class='ocr_line' id='line_1_34' title="bbox 223 2522 1732 2581; baseline -0.005 -13"><span class='ocrx_word' id='word_1_297' title='bbox 223 2531 346 2581; x_wconf 82' lang='lat' dir='ltr'>ipsum</span> <span class='ocrx_word' id='word_1_298' title='bbox 380 2531 540 2581; x_wconf 89' lang='lat' dir='ltr'>praesto</span> <span class='ocrx_word' id='word_1_299' title='bbox 571 2526 767 2577; x_wconf 80' lang='lat' dir='ltr'>habeam,</span> <span class='ocrx_word' id='word_1_300' title='bbox 797 2538 847 2565; x_wconf 79' lang='lat' dir='ltr'>ex</span> <span class='ocrx_word' id='word_1_301' title='bbox 877 2526 1154 2578; x_wconf 86' lang='lat' dir='ltr'>probabilitate</span> <span class='ocrx_word' id='word_1_302' title='bbox 1184 2527 1385 2578; x_wconf 87' lang='lat' dir='ltr'>ipsiusque</span> <span class='ocrx_word' id='word_1_303' title='bbox 1422 2525 1597 2565; x_wconf 86' lang='lat' dir='ltr'>bonitate</span> <span class='ocrx_word' id='word_1_304' title='bbox 1627 2522 1732 2562; x_wconf 89' lang='lat' dir='ltr'>scri-</span> 
     </span>
     <span class='ocr_line' id='line_1_35' title="bbox 222 2595 1732 2654; baseline -0.005 -15"><span class='ocrx_word' id='word_1_305' title='bbox 222 2605 361 2654; x_wconf 79' lang='lat' dir='ltr'>pturae</span> <span class='ocrx_word' id='word_1_306' title='bbox 393 2600 580 2640; x_wconf 87' lang='lat' dir='ltr'>diiudico.</span> <span class='ocrx_word' id='word_1_307' title='bbox 648 2599 710 2640; x_wconf 87' lang='lat' dir='ltr'>Ac</span> <span class='ocrx_word' id='word_1_308' title='bbox 740 2600 906 2652; x_wconf 86' lang='lat' dir='ltr'>primum</span> <span class='ocrx_word' id='word_1_309' title='bbox 947 2598 1052 2639; x_wconf 90' lang='lat' dir='ltr'>haud</span> <span class='ocrx_word' id='word_1_310' title='bbox 1089 2603 1322 2638; x_wconf 83' lang='lat' dir='ltr'>cunctanter</span> <span class='ocrx_word' id='word_1_311' title='bbox 1361 2595 1518 2638; x_wconf 72' lang='grc' dir='ltr'><em>αὐτοὶ</em></span> <span class='ocrx_word' id='word_1_312' title='bbox 1551 2595 1628 2647; x_wconf 78' lang='grc' dir='ltr'>μὲν</span> <span class='ocrx_word' id='word_1_313' title='bbox 1657 2609 1732 2649; x_wconf 79' lang='grc' dir='ltr'>φι-</span> 
     </span>
     <span class='ocr_line' id='line_1_36' title="bbox 222 2667 1733 2725; baseline -0.007 -11"><span class='ocrx_word' id='word_1_314' title='bbox 222 2675 372 2723; x_wconf 78' lang='grc' dir='ltr'><em>λέουσ’,</em></span> <span class='ocrx_word' id='word_1_315' title='bbox 416 2672 568 2712; x_wconf 75' lang='grc' dir='ltr'><em>αὐτοί</em></span> <span class='ocrx_word' id='word_1_316' title='bbox 596 2673 642 2713; x_wconf 75' lang='grc' dir='ltr'>δέ</span> <span class='ocrx_word' id='word_1_317' title='bbox 670 2687 716 2712; x_wconf 83' lang='grc' dir='ltr'>τε</span> <span class='ocrx_word' id='word_1_318' title='bbox 747 2690 788 2714; x_wconf 86' lang='grc' dir='ltr'>π.</span> <span class='ocrx_word' id='word_1_319' title='bbox 820 2672 986 2725; x_wconf 83' lang='lat' dir='ltr'>praetuli</span> <span class='ocrx_word' id='word_1_320' title='bbox 1017 2672 1130 2711; x_wconf 88' lang='lat' dir='ltr'>alteri</span> <span class='ocrx_word' id='word_1_321' title='bbox 1167 2672 1358 2722; x_wconf 79' lang='lat' dir='ltr'>lectioni,</span> <span class='ocrx_word' id='word_1_322' title='bbox 1397 2681 1498 2722; x_wconf 87' lang='lat' dir='ltr'>quae</span> <span class='ocrx_word' id='word_1_323' title='bbox 1527 2667 1733 2722; x_wconf 86' lang='lat' dir='ltr'>venustior</span> 
     </span>
     <span class='ocr_line' id='line_1_37' title="bbox 224 2735 1733 2798; baseline -0.008 -13"><span class='ocrx_word' id='word_1_324' title='bbox 224 2750 264 2785; x_wconf 86' lang='lat' dir='ltr'>et</span> <span class='ocrx_word' id='word_1_325' title='bbox 291 2744 518 2784; x_wconf 81' lang='lat' dir='ltr'>Callimachi</span> <span class='ocrx_word' id='word_1_326' title='bbox 549 2745 729 2785; x_wconf 87' lang='lat' dir='ltr'>acumine</span> <span class='ocrx_word' id='word_1_327' title='bbox 762 2744 920 2798; x_wconf 84' lang='lat' dir='ltr'>dignior</span> <span class='ocrx_word' id='word_1_328' title='bbox 959 2744 1166 2785; x_wconf 86' lang='lat' dir='ltr'>videbatur</span> <span class='ocrx_word' id='word_1_329' title='bbox 1196 2741 1443 2784; x_wconf 82' lang='lat' dir='ltr'>Ruhnkenio.</span> <span class='ocrx_word' id='word_1_330' title='bbox 1500 2737 1593 2778; x_wconf 84' lang='lat' dir='ltr'>Mihi</span> <span class='ocrx_word' id='word_1_331' title='bbox 1629 2735 1733 2775; x_wconf 79' lang='lat' dir='ltr'>haee</span> 
     </span>
     <span class='ocr_line' id='line_1_38' title="bbox 222 2808 1733 2872; baseline -0.003 -15"><span class='ocrx_word' id='word_1_332' title='bbox 222 2818 428 2862; x_wconf 77' lang='lat' dir='ltr'>venustior</span> <span class='ocrx_word' id='word_1_333' title='bbox 461 2816 683 2872; x_wconf 85' lang='lat' dir='ltr'>oppositio:</span> <span class='ocrx_word' id='word_1_334' title='bbox 716 2817 833 2860; x_wconf 70' lang='lat' dir='ltr'>iidem</span> <span class='ocrx_word' id='word_1_335' title='bbox 860 2817 1048 2867; x_wconf 80' lang='lat' dir='ltr'>cundem,</span> <span class='ocrx_word' id='word_1_336' title='bbox 1079 2812 1271 2870; x_wconf 73' lang='grc' dir='ltr'><em>ἑσπέριον</em></span> <span class='ocrx_word' id='word_1_337' title='bbox 1302 2817 1342 2855; x_wconf 80' lang='lat' dir='ltr'>ct</span> <span class='ocrx_word' id='word_1_338' title='bbox 1369 2808 1496 2868; x_wconf 71' lang='grc' dir='ltr'><em>ἑῷον,</em></span> <span class='ocrx_word' id='word_1_339' title='bbox 1530 2813 1661 2853; x_wconf 72' lang='lat' dir='ltr'>amant</span> <span class='ocrx_word' id='word_1_340' title='bbox 1693 2810 1733 2849; x_wconf 75' lang='grc' dir='ltr'>θῑ</span> 
     </span>
    </p>
   </div>
  </div>
 </body>
</html>
