1856 3126
747 125 1051 166 —2‘25u

131 243 211 285 bis.
272 245 385 292 Quae
417 244 549 284 omnia
583 255 631 283 an
668 245 748 285 sint
779 258 873 286 vera
911 247 1135 300 fragmenta
1158 246 1403 298 Callimachi,
1432 257 1513 288 non
1544 250 1664 289 vacat

135 329 358 368 quaerere:
390 328 442 356 ex
474 315 539 355 illo
573 316 675 355 libro
707 329 813 369 esse,
847 320 1080 359 coniectura
1111 324 1172 360 est
1199 320 1350 360 Natalis
1380 319 1560 372 Comitis,
1589 330 1662 373 per

135 401 179 428 se
208 400 288 428 non
324 390 467 441 inepta.
526 388 587 426 Ex
624 388 788 440 llymnis
819 391 934 430 locos
968 402 1171 443 apponere
1203 392 1367 445 longum
1409 397 1492 443 est;
1531 393 1666 434 laudat

136 465 266 499 aulem
299 471 451 499 omnes.
510 459 607 500 Illud
638 461 875 513 ridiculum,
905 463 1012 516 quod
1047 476 1163 515 quum
1194 469 1284 504 ante
1314 465 1454 505 oculos
1497 464 1665 507 haberet

132 531 320 584 hymnum
355 532 397 570 in
424 533 599 572 lavacra
630 533 825 586 Palladis,
856 536 974 575 etiam
1007 535 1107 575 alios
1127 538 1180 576 ita
1212 541 1413 590 nuncupat
1441 537 1665 592 aliquoties,

130 604 173 642 in
201 605 413 644 lavacrum
432 603 537 653 Deli,
568 604 610 643 in
639 606 851 646 lavacrum
870 607 1045 655 Dianae,
1077 607 1222 659 hymno
1244 609 1285 648 in
1304 610 1516 650 lavacrum
1535 610 1667 662 Apola-

132 676 238 715 linis.
296 676 407 715 Haec
438 676 487 715 de
517 677 672 727 Natale,
705 679 822 718 nimis
852 678 984 729 multa,
1014 683 1057 718 ut
1085 680 1264 720 mihimet
1293 682 1368 733 ipsi
1389 682 1560 733 videtur,
1592 681 1664 724 sed

133 749 368 787 necessaria
418 748 618 799 fortasse,
662 760 712 787 ne
759 750 944 789 iniuriam
988 749 1136 790 fecisse
1176 752 1326 792 homini
1370 753 1541 795 dicerer.
1612 746 1682 795 At‘

134 820 343 859 enimvero
375 822 561 871 turoniam
591 832 669 859 nec
709 820 1004 862 fraudulentum
1044 823 1359 876 mendacemque
1396 837 1466 864 sua
1501 826 1666 867 defrau-

135 891 308 931 dandum
339 904 431 932 esse
462 892 579 931 laude
611 892 755 945 video,
786 898 828 932 ut
859 895 911 933 sit
943 896 1222 945 verissimum,
1252 897 1349 936 nihil
1379 898 1456 937 nisi
1487 898 1666 938 hariola-

131 965 282 1004 tionem
313 975 428 1015 esse,
459 965 709 1017 impudenter
748 965 951 1004 venditam
990 978 1061 1017 pro
1097 968 1287 1019 veritate,
1322 969 1427 1020 quod
1461 969 1526 1008 ille
1565 970 1667 1010 Fra-

131 1041 334 1090 gmentum
353 1037 586 1078 Callimachi
605 1037 685 1077 CX.
720 1036 769 1076 ad
790 1036 968 1076 Hecalen
989 1039 1134 1090 retulit,
1168 1040 1260 1092 quid
1281 1041 1314 1079 si
1337 1041 1433 1081 felix
1454 1042 1664 1082 hariolatio

131 1111 214 1150 sit‘?
270 1109 464 1162 Equidem
496 1113 652 1148 utnon
697 1119 915 1160 assequor,
956 1109 1097 1160 quibus
1141 1112 1296 1151 caussis
1340 1112 1665 1153 Hemslerhusius

130 1187 333 1234 permotus
363 1183 401 1222 id
434 1180 699 1221 certissimum
728 1192 843 1231 esse,
868 1192 1014 1219 versus
1043 1193 1133 1220 esse
1164 1195 1216 1221 ea:
1246 1182 1397 1223 Hecale
1425 1185 1666 1235 depromtos,

131 1255 297 1305 scribat,
320 1256 374 1294 ita
405 1255 489 1306 ipse
523 1253 670 1305 <lignos
703 1264 794 1292 esse
829 1264 879 1292 eo
913 1252 1006 1292 loco
1038 1253 1183 1293 fateor.
1242 1256 1363 1308 Digni
1393 1257 1458 1308 qui
1482 1255 1667 1296 inferan—

129 1331 193 1366 tur
226 1328 267 1366 in
300 1326 504 1376 Hecalen,
532 1326 573 1365 in
602 1326 834 1365 universum
861 1336 1006 1364 versus
1037 1330 1129 1365 sunt
1158 1327 1210 1377 ii,
1240 1328 1280 1367 in
1311 1328 1452 1380 quibus
1485 1329 1667 1382 longitu-

131 1399 264 1438 dinem
296 1403 412 1450 atque
442 1398 680 1451 gravitatem
710 1408 912 1450 agnoscas
946 1398 1134 1438 carminis
1165 1400 1285 1451 epici,
1317 1405 1357 1440 et
1385 1401 1527 1453 quibus
1558 1400 1665 1441 aliud

129 1482 273 1524 poema
306 1470 551 1519 Callimachi,
583 1470 634 1511 ad
664 1470 771 1523 quod
799 1469 1041 1522 referantur,
1075 1482 1157 1511 non
1180 1471 1377 1513 invenias.
1436 1473 1517 1514 Iam
1535 1474 1664 1514 Aetiis

129 1544 205 1584 hos
237 1542 326 1583 fore
360 1547 598 1597 argumento
638 1543 868 1595 aptissimos
900 1548 1012 1584 recte
1052 1549 1266 1585 senserant
1293 1544 1584 1601 Valckenarius
1625 1552 1665 1588 et

129 1615 389 1656 Ruhnkenius
420 1615 444 1655 l.
477 1615 502 1654 1.
534 1609 612 1655 vsed
647 1615 791 1666 obstat,
823 1616 931 1669 quod
958 1618 1076 1657 Aetia
1108 1616 1280 1668 fuerunt,
1307 1622 1351 1657 ut
1379 1623 1539 1659 constat
1556 1631 1663 1660 nunc

128 1688 303 1739 quidem,
332 1691 461 1727 metro
498 1687 682 1739 elegiaco
718 1678 878 1739 scripta.
935 1689 999 1728 Ab
1025 1688 1193 1729 historia
1214 1689 1360 1729 Thesei
1389 1701 1471 1730 non
1492 1690 1664 1732 alienam

127 1761 372 1800 mentionem
401 1759 639 1799 Hermiones
670 1771 762 1799 esse
794 1771 913 1812 supra
948 1762 1095 1800 monui.
1155 1761 1299 1801 Verum
1333 1765 1374 1801 ut
1404 1763 1454 1802 ad
1484 1763 1663 1804 Hecalen

128 1831 458 1872 accoimnodetur
488 1831 567 1871 hoc
598 1831 879 1884 fragmentum,
911 1836 951 1871 et
974 1833 1137 1872 alterum
1160 1832 1401 1873 CLXXXVI.
1433 1835 1663 1885 ponendum

128 1905 228 1955 erit,
256 1904 454 1944 Theseum
486 1904 525 1943 in
555 1903 748 1955 Episodio
779 1903 842 1942 vel
875 1904 992 1943 etiam
1028 1904 1153 1956 ipsum
1195 1908 1354 1955 poetam
1386 1909 1504 1946 antea
1543 1919 1592 1947 ea
1621 1908 1662 1947 in

126 1983 239 2031 parte
275 1978 486 2029 carminis,
521 1989 637 2030 quam
668 1988 743 2017 nos
779 1976 1163 2028 circumscripsimus
1205 1976 1342 2029 Capite
1375 1980 1520 2030 tertio,
1563 1981 1661 2021 satis

126 2051 245 2090 multa
280 2051 510 2090 narravisse
542 2050 592 2089 <le
621 2049 743 2089 rebus
774 2048 931 2098 Thesei,
962 2049 1101 2099 pueri,
1130 2048 1200 2098 iis,
1231 2061 1333 2101 quae
1363 2061 1442 2090 non
1472 2063 1662 2104 compre-

125 2122 408 2162 hendebantur
429 2121 592 2172 ambitu,
624 2121 778 2173 qualem
802 2132 921 2172 supra
944 2120 1258 2172 designavimus,
1281 2121 1474 2173 Episodii.
1533 2125 1660 2165 Asine

126 2197 260 2246 enim,
290 2195 454 2249 Halice,
497 2194 713 2233 Hermione
754 2204 835 2232 non
871 2197 962 2232 sunt
1001 2193 1041 2232 in
1081 2193 1146 2232 via
1184 2204 1259 2242 ea,
1302 2205 1403 2245 quae
1450 2194 1658 2237 Troezene

125 2267 305 2307 Athenas
336 2267 456 2307 ducit.
516 2267 598 2307 Nisi
626 2266 805 2307 Theseus
836 2264 1150 2315 Callimacheus,
1183 2278 1299 2317 quum
1328 2266 1506 2306 Athenas
1533 2269 1659 2319 profi-

127 2340 361 2390 cisceretur,
388 2340 467 2380 huc
498 2341 590 2381 illuc
620 2351 861 2390 excurrere,
891 2339 1046 2377 etiamsi
1078 2336 1173 2376 nihil
1205 2338 1258 2377 ibi
1290 2339 1425 2390 magni
1454 2351 1659 2392 peragen-

127 2412 217 2452 dum
254 2416 386 2463 esset,
420 2412 492 2451 sed
524 2416 672 2452 tantuin
704 2410 872 2451 visenda
906 2411 1034 2460 mira,
1074 2408 1370 2460 memorabilia,
1402 2423 1517 2462 quam
1546 2417 1657 2453 recta

125 2485 189 2524 via
223 2484 278 2524 uti
308 2483 501 2523 maluerit.

235 2555 389 2595 Nullum
422 2555 610 2607 excogito
642 2553 828 2592 idoneum
860 2552 992 2592 locum
1026 2553 1264 2606 Fragmento
1297 2552 1518 2593 CLXXXV.

347 2627 590 2680 Βριλησσοῦ
617 2624 862 2678 λαγόνεσσιν
891 2622 1093 2678 ὁμούριον
1121 2622 1358 2676 ἐκτήσαντο.

123 2701 434 2754 Excogitaretur
462 2699 651 2749 sortasse,
685 2699 718 2738 si
749 2698 897 2737 certius
931 2697 982 2737 de
1013 2698 1090 2737 situ
1110 2696 1273 2737 Brilessi
1306 2697 1450 2737 montis
1481 2704 1650 2739 consta-

123 2779 195 2814 ret.
254 2774 314 2813 De
354 2783 404 2811 eo
434 2775 568 2811 monte
601 2770 826 2810 testimonia
864 2774 1040 2808 veterum
1073 2780 1095 2807 a
1130 2780 1191 2807 mc
1227 2767 1319 2807 alibi
1351 2773 1389 2808 et
1434 2782 1455 2809 a
1483 2770 1648 2812 Miillero

122 2847 162 2885 in
194 2845 378 2897 descript.
411 2844 569 2884 Atticae
602 2855 636 2895 p.
671 2842 763 2882 216.
795 2843 966 2882 excitata
997 2845 1099 2881 sunt.
1159 2839 1328 2892 Etymol.
1358 2841 1406 2880 Μ.
1440 2853 1472 2893 p.
1497 2841 1646 2893 914,9.

216 2916 341 2950 Naekii
369 2917 488 2961 Opusc.
514 2914 557 2948 II.
1336 2913 1383 2951 15
