1856 3126
747 95 1051 134 ..129-

126 213 396 254 Callimachus
435 216 474 252 et
505 211 711 253 Nicander
738 213 895 267 Fragm.
925 212 990 254 111.
1028 215 1063 254 1.
1096 202 1273 263 (Athen.
1306 212 1373 254 lX.
1403 225 1442 266 p.
1471 211 1568 254 309.
1601 213 1673 264 C.)

127 286 415 339 κυλινδρωτῆς
446 285 516 340 ἐφ’
545 280 696 332 ἅλωος.
755 286 950 327 Addaeus
980 286 1051 339 Ep.
1085 285 1114 325 Ι.
1150 286 1292 336 (Anlh.
1327 286 1407 327 Pal.
1427 285 1459 326 l.
1494 298 1532 339 p.
1555 286 1679 335 271.)

129 348 290 410 ἅλωος)
322 369 410 398 cum
438 369 526 398 var.
557 358 696 411 script.
729 355 911 414 ἅλωνος,
935 363 978 400 ut
1009 363 1071 399 est
1102 354 1235 400 ἅλωνι
1260 360 1364 413 apud
1391 360 1567 413 Antipat.
1591 359 1676 402 Sid.

130 431 230 472 CXI.
262 430 405 481 (Anth.
437 429 516 481 Pal.
550 429 578 469 Ι.
614 442 650 482 p.
680 429 801 481 366.)
861 432 958 481 Quis
995 432 1141 483 fuerit,
1171 432 1238 485 qui
1272 430 1544 486 ἐφύλασσεν,
1572 432 1679 487 apud

131 503 447 553 Callimachum,
495 503 671 543 dubium.
729 505 793 544 An
849 505 1028 545 servus?
1097 504 1193 544 Tale
1240 504 1335 556 quid
1382 505 1679 548 obversabatur

132 575 294 616 Eldikio
324 575 480 628 Suspic.
511 575 628 628 Spec.
660 588 696 615 c.
725 575 791 616 lV.
823 576 889 629 qui
921 576 1188 630 fragmentum
1210 578 1441 619 Callimachi
1474 583 1689 632 comparat-

132 648 182 689 ad
212 647 277 688 illa
308 647 448 688 Tibulli
483 647 511 687 Ι.
544 649 584 699 5,
617 648 682 688 21.
717 649 959 701 fruyztmque
990 648 1123 688 aderit
1149 662 1240 690 mea
1257 650 1378 690 Delia
1399 655 1550 700 custos,
1569 651 1684 692 Area

131 721 225 762 dum
253 734 407 761 messes
436 722 523 761 sole
556 722 712 776 calente
754 718 866 762 teret.
925 723 1041 763 Nune
1072 734 1191 774 quum
1233 723 1283 762 de
1325 734 1447 764 servo
1491 735 1541 763 eo
1585 723 1684 763 nihil

134 799 308 843 constet,
340 796 457 836 aliam
491 796 802 849 explicationem
832 797 1018 848 anquiro.
1078 795 1406 836 Consentaneum
1439 799 1503 835 est
1519 793 1683 834 Cereris

132 879 281 908 nomen
314 868 513 921 suppleri,
547 869 781 922 Δημήτηρ,
811 865 928 922 Δηώ.
988 869 1123 909 Areae
1151 872 1315 921 praeest
1345 867 1486 908 Ceres.
1548 866 1687 907 Theo-

133 941 257 982 critus
288 940 369 980 Vll.
394 941 484 980 155.
516 941 647 995 βωμῷ
677 938 761 992 πὰρ
781 941 1014 994 Δάματρος
1043 938 1251 988 clamiciac-
1283 933 1335 987 ἇς
1364 939 1438 980 ἐπί
1464 941 1591 995 σωρῴ
1607 942 1685 978 etc.

133 1013 200 1054 ubi
232 1012 399 1053 alteram
430 1024 590 1065 quoque
624 1012 794 1053 sormam
821 1013 955 1055 Schol.
988 1017 1294 1060 commemorat,
1328 1010 1468 1060 ἆλωῖζ.
1501 1012 1597 1052 ibid.
1615 1011 1683 1052 33.

133 1084 251 1137 μάλα
279 1085 361 1139 γάρ
396 1101 523 1140 σφισι
555 1087 664 1125 πιόνι
695 1086 833 1141 μέτρῳ
875 1084 900 1125 ἁ
936 1085 1102 1136 δαᾴιων
1133 1085 1304 1134 (Ceres)
1340 1078 1544 1136 εὔκριθον
1588 1084 1689 1124 α’νε-

135 1156 359 1211 πλήρωσεν
389 1155 549 1196 α’λωάν.
611 1155 796 1196 Officium
838 1156 951 1196 Deae
991 1155 1185 1203 ἁλωάδος
1230 1156 1454 1197 luculenter
1495 1156 1691 1197 describit

137 1214 337 1270 Homerus
373 1229 483 1269 Iliad.
514 1229 558 1268 V.
593 1229 688 1269 499.
732 1226 788 1276 ὥς
820 1230 856 1269 d’
886 1223 1041 1281 ἄνεμος
1079 1225 1216 1283 ἅχνὰς
1245 1230 1392 1285 φορέει
1438 1227 1560 1282 ἱερὰς
1599 1230 1694 1270 κατ’

137 1297 301 1351 ἀλωάς,
336 1298 507 1352 ἀνδρῶν
538 1299 796 1351 λικμώντων,
828 1296 892 1341 ὅτε
913 1315 955 1340 τε
985 1299 1117 1353 ’ξανθή
1144 1301 1352 1356 Δημήτηρ
1437 1304 1557 1358 κρίνῃ
1578 1303 1692 1342 ἐπει-

130 1375 318 1426 γομένων
358 1372 526 1423 α’νέμων
569 1370 731 1424 καρπόν
766 1388 808 1413 τε
853 1371 926 1412 καί
966 1367 1115 1425 ἄχνας.
1173 1385 1275 1425 quos
1317 1384 1460 1414 versus
1503 1373 1690 1427 Orpheus

131 1445 291 1498 Fragm.
324 1457 360 1497 p.
393 1446 488 1485 511.
553 1445 753 1494 (Lobeck.
787 1445 989 1498 Aglaoph.
1023 1445 1052 1486 1.
1092 1458 1128 1498 p.
1159 1446 1281 1496 4‘23.)
1320 1457 1418 1486 suos
1458 1447 1566 1487 fecit.
1629 1447 1701 1487 Cf..

133 1518 338 1572 Oppianus
368 1517 414 1557 H.
446 1517 508 1557 lv,
546 1518 642 1557 497.
676 1529 764 1570 sqq.
814 1517 1009 1557 Maximus
1043 1530 1080 1557 v.
1113 1517 1208 1558 507.
1269 1518 1519 1571 Hesychius:
1565 1518 1687 1558 Ev'a-

131 1593 282 1633 λωσιά.
323 1591 553 1645 Δημήτηρ,
587 1586 653 1630 ὅτι
680 1590 870 1643 μεγάλας
901 1588 978 1638 τὰς
1010 1586 1124 1638 ἅλως
1163 1595 1283 1630 ποιεῖ
1305 1591 1378 1630 καί
1409 1594 1574 1644 πληροῖ.
1620 1590 1689 1630 ubl

131 1665 395 1706 Ruhnkenius
423 1676 474 1703 ex
497 1662 647 1716 Orphei
675 1663 780 1715 hym.
799 1663 982 1704 XXXIX.
1005 1665 1042 1703 5.
1104 1663 1266 1704 Cereris
1291 1664 1496 1717 epitheton
1517 1665 1686 1706 α’λωαιά

134 1741 356 1789 comparat.
416 1735 506 1777 Alia
540 1735 589 1775 ad
621 1737 959 1789 significationem
993 1738 1108 1778 vocis
1140 1737 1257 1791 α’λωή
1288 1738 1456 1778 alteram
1485 1737 1687 1789 latiorem,

134 1823 211 1864 qua
243 1812 331 1864 ipse
373 1811 460 1864 agri
497 1810 590 1850 culti
619 1811 797 1850 universi
831 1811 1002 1851 ambitus
1034 1816 1073 1851 ct
1103 1816 1191 1851 sata
1222 1812 1526 1865 significantur,
1560 1823 1689 1852 revo-

131 1883 262 1924 canda
295 1886 396 1922 sunt.
458 1882 526 1922 Sic
560 1881 665 1934 apud
700 1882 944 1922 Nicandrum
977 1882 1095 1923 Ther.
1132 1883 1222 1923 113.
1265 1882 1402 1924 ἀλαίϊα
1440 1883 1504 1924 vel
1547 1881 1687 1925 α’λιόϊα

130 1955 232 2010 ἔργα
284 1955 502 1996 manifesto
547 1966 649 2006 opus
695 1955 892 1994 messoris
936 1954 1177 2007 significant.
1249 1956 1485 2009 Eodemque
1528 1961 1685 2010 spectat

131 2030 239 2070 haud
274 2029 394 2069 dubie
425 2028 556 2070 Nonni
590 2026 742 2073 ἁλώϊος
777 2025 892 2080 Δηώ,
922 2027 1050 2067 XXX.
1075 2027 1141 2069 68.
1175 2028 1239 2068 vel
1272 2030 1420 2081 potius,
1453 2041 1506 2070 ex
1536 2041 1683 2069 emen-

131 2103 295 2143 datione
318 2101 489 2152 Graefii,
523 2097 681 2148 ἁλωϊάς
716 2101 804 2139 sive
836 2099 1011 2148 α’λωϊάς.
1073 2101 1176 2141 Vere
1208 2102 1453 2142 emendasse
1483 2102 1683 2143 Graesium

130 2176 292 2216 loannis
313 2175 462 2216 Gazaci
495 2173 680 2226 exemplo
711 2173 853 2225 probo,
883 2187 920 2212 v.
943 2173 1038 2214 658.
1057 2174 1124 2225 (ΙΙ.
1146 2175 1266 2224 300.)
1300 2172 1681 2228 Θαλυσιὰς-καρ-

131 2244 320 2301 ποφόρος
340 2245 566 2300 Δήμητρος
596 2243 770 2291 samiae
832 2244 968 2298 ltaque
1000 2245 1077 2286 hoc
1113 2246 1291 2299 epitheto
1319 2247 1470 2298 omnia,
1504 2247 1681 2286 metendi

131 2330 258 2371 opuS,
292 2319 492 2359 inserendi
533 2319 570 2357 in
606 2314 697 2357 ἅλω
740 2330 843 2370 quae
885 2319 1046 2371 proprie
1080 2319 1253 2370 dicitur,
1294 2324 1413 2372 atque
1455 2319 1681 2371 exterendi,

132 2390 422 2444 comprehendi
462 2390 662 2430 videntur.
724 2388 972 2443 εὕρυάλωος
1018 2392 1160 2444 Δηοῦς
1205 2404 1324 2444 quum
1374 2391 1472 2432 dicit
1509 2392 1677 2432 Nonnus

130 2466 212 2506 Vll.
243 2465 312 2506 82.
344 2462 442 2503 nihil
473 2463 551 2502 nisi
580 2463 684 2503 latos
726 2475 850 2516 agros
885 2463 1107 2516 significari
1147 2469 1280 2516 putem
1321 2470 1484 2517 propter
1530 2465 1676 2506 similia

130 2534 376 2590 εὐρυάλωος
399 2534 584 2588 α’ρούρης
614 2534 675 2574 lV.
704 2534 798 2574 409.
833 2534 1015 2574 XXXIX.
1050 2535 1141 2575 139.
1173 2539 1212 2574 et
1241 2533 1484 2588 εὐρυάλωος
1519 2537 1675 2590 κώμης,

128 2609 292 2663 χώρης,
337 2608 491 2660 Evang.
523 2607 579 2647 lo.
611 2607 676 2646 Xl.
711 2607 778 2646 31.
811 2607 895 2647 Xll.
931 2610 965 2646 1.
1009 2611 1049 2646 el
1079 2605 1311 2658 εὐρυάλοιο
1347 2609 1471 2661 γαιής
1502 2607 1569 2648 ΧΙ.
1604 2609 1671 2649 55.

128 2684 238 2723 Haec
266 2681 466 2722 sufficiant
500 2679 550 2719 de
578 2680 665 2719 Dea
693 2675 872 2729 ἁλωάδι,
906 2691 1009 2732 quae
1040 2680 1158 2719 nobis
1193 2680 1297 2719 illam
1329 2679 1503 2722 Hecales
1532 2679 1669 2735 ἅλωα,

126 2757 161 2796 si
194 2756 266 2796 suit
295 2753 486 2803 Hecales,
520 2751 788 2792 custodivisse
818 2751 989 2792 videtur.

241 2827 370 2876 Quum
405 2827 532 2867 semel
567 2828 674 2867 inter
713 2827 867 2868 incerta
911 2838 1078 2878 verser,
1112 2837 1192 2866 non
1235 2826 1412 2868 verebor
1449 2829 1670 2881 periclitari

223 2911 351 2944 Naekii
376 2910 498 2956 Opusc.
527 2911 569 2943 Π.
1375 2901 1400 2940 9
