1856 3126
714 106 1012 143 —27‘9-

113 224 369 264 vehementer
401 221 608 270 abhorret,
639 222 923 272 Callimachus,
956 217 1140 259 nonnulla
1173 217 1289 256 etiam
1320 227 1480 265 eorum,
1512 227 1614 267 quae

113 296 238 334 cuivis
267 293 399 344 licent,
427 292 569 340 evitat,
595 295 634 330 et
668 304 903 332 concursum
934 290 1128 330 vocalium
1162 300 1240 327 non
1270 287 1394 327 solum
1424 288 1566 336 Istum,
1593 298 1616 325 a

111 379 188 418 quo
220 367 347 407 honus
378 365 543 418 quisque
577 369 694 415 poeta
726 369 862 414 cavet,
896 363 968 402 sed
996 362 1112 405 etiam
1140 361 1345 410 usitatum,
1376 359 1518 398 idonea
1543 370 1619 396 ex-

110 439 316 477 cusatione
345 437 543 485 munitum,
574 436 804 488 legitimum,
835 434 991 474 modice
1021 435 1195 483 usurpat,
1226 434 1264 469 ct
1292 434 1516 481 praeoptat,
1550 429 1616 468 ubi

107 507 191 547 fieri
222 512 351 559 potest
384 505 617 555 commode,
648 505 762 544 aliud.
824 505 910 553 Quo
941 503 1107 542 artificio
1136 502 1213 542 hoc
1243 506 1510 554 consequutus
1540 504 1615 549 est,

107 584 149 618 ut
178 583 216 618 et
246 578 337 618 alibi
381 589 520 618 versus
549 576 880 624 rotundissimos,
917 579 957 614 et
994 574 1068 613 hos
1101 578 1269 625 quatuor
1311 574 1452 612 fecerit
1494 573 1615 624 longe

106 650 377 690 suavissimos.
476 649 534 688 Ex
566 649 767 698 Homero,
800 647 1004 695 Hesiodo,
1042 646 1254 697 Apollonio
1274 677 1284 696 ,
1329 647 1393 697 qui
1425 648 1614 695 usurpant

106 727 323 773 utrumque,
355 733 434 760 non
466 721 632 770 efficias,
661 724 786 759 utrum
816 718 1121 770 prael'eremluin
1155 718 1218 756 sit.
1278 712 1499 768 θυμαλγής
1531 716 1617 767 Op-

103 794 243 846 pianus
271 803 427 845 quoque
456 791 540 830 Hal.
571 790 618 830 V.
650 790 744 830 664.
775 795 814 829 et
845 789 990 841 Sibylla
1012 789 1112 828 XIV.
1133 789 1223 831 927.
1256 788 1449 827 dixerunt.
1506 789 1614 839 μέρ-

102 880 236 917 μηραι
275 864 509 914 θυμαλγέες
543 861 677 913 Epigr.
708 860 941 900 DCCXVIII.
977 860 1024 899 A.
1075 859 1151 898 Pal.
1185 858 1230 898 ll.
1258 870 1294 910 p.
1317 858 1413 897 867.
1498 857 1615 896 α’νίαι

102 942 232 976 autem
261 936 325 975 hic
357 936 520 987 corripit
549 933 826 986 penultimam,
859 937 900 972 ut
931 932 1104 985 ἀνιηρόν
1131 931 1264 983 Epigr.
1294 930 1377 970 XV.
1410 927 1451 968 4.
1484 928 1616 969 XLIV.

102 1009 256 1059 (XLV.)
293 1009 326 1047 1.
361 1011 400 1046 ct
434 1007 556 1047 α’νιᾶν
584 1007 718 1058 Epigr.
752 1005 916 1047 XLVIII.
948 1004 1128 1054 (XLIX.)
1162 1005 1195 1044 1.
1229 1002 1445 1043 secundum
1475 1001 1618 1041 conie-

102 1085 250 1121 cturam
283 1079 420 1119 saltem
460 1077 536 1117 hac
568 1089 619 1117 ex
650 1082 760 1129 parte
802 1076 1148 1129 inexpugnabilem
1188 1075 1374 1114 Iacobsii.
1433 1074 1617 1126 producit

100 1152 192 1193 Lav.
227 1153 264 1192 P.
293 1153 359 1193 83.
392 1151 549 1202 Fragm.
579 1149 729 1190 LXVII.
766 1151 800 1190 1.
844 1149 978 1202 Epigr.
1009 1148 1108 1189 XIII.
1135 1148 1174 1188 3.
1233 1147 1290 1187 Cf.
1333 1147 1367 1186 si
1411 1158 1509 1198 opus
1550 1146 1615 1196 sit,

99 1223 306 1264 Ruhnken.
353 1223 474 1274 EpIst.
499 1222 602 1267 ierit.
645 1222 691 1261 II.
721 1234 757 1273 p.
791 1221 885 1261 276.
936 1222 1100 1260 l‘orson.
1135 1220 1266 1271 Eurip.
1312 1219 1459 1258 Phoen.
1497 1215 1615 1257 1334.

101 1295 226 1333 Versu
255 1295 294 1333 3.
325 1295 449 1334 noluit
478 1298 623 1346 poeta,
657 1293 763 1345 quod
795 1292 910 1332 alicui
942 1295 980 1333 in
1009 1298 1180 1332 mentem
1210 1293 1369 1343 veniat,
1411 1296 1527 1343 atque
1574 1291 1615 1330 In

99 1371 269 1407 mentem
301 1367 532 1407 Wernickio
563 1366 613 1405 ad
645 1366 858 1420 Tryphiod.
887 1379 923 1418 p.
947 1366 1039 1406 399.
1073 1366 1193 1415 venit,
1222 1366 1299 1405 σεῦ
1317 1364 1512 1413 scribere,
1542 1363 1615 1402 sed

99 1439 281 1490 scripsit,
311 1438 416 1490 quod
447 1440 606 1479 suavius
638 1439 733 1491 ipsi,
762 1443 802 1478 ut
832 1438 1008 1478 correxit
1049 1438 1150 1489 apud
1189 1437 1395 1477 Kusterum
1425 1436 1475 1476 ad
1505 1435 1615 1476 Suid.

97 1524 135 1550 v.
164 1508 366 1550 Ἐπιιύλια
399 1511 598 1551 Bentleius
632 1512 884 1552 correctione
917 1510 1038 1563 longe
1073 1509 1280 1550 facillima:
1311 1509 1398 1548 σεῖ’
1431 1501 1465 1547 ὦ
1494 1511 1614 1557 μαῖα.

97 1582 320 1622 Iacobsium
350 1582 485 1633 miror,
512 1582 577 1634 qui
609 1581 687 1622 hoc
720 1594 741 1620 a
771 1594 816 1621 se
846 1582 1128 1633 impetraverit,
1156 1585 1197 1620 ut
1214 1579 1331 1620 Anth.
1350 1579 1467 1619 Palat.
1488 1579 1528 1618 T.
1550 1578 1614 1618 111.

97 1666 133 1706 p.
175 1652 293 1694 1043.
326 1653 526 1706 vulgatam
558 1653 661 1706 apud
693 1653 853 1694 Suidam
897 1654 1129 1705 scripturam
1165 1649 1336 1691 πολλάκι
1381 1657 1469 1692 σεῖο
1500 1651 1615 1701 (cod.

99 1725 315 1766 Gaissordii
345 1725 389 1765 E.
425 1729 532 1774 σεῖς)
568 1729 675 1776 μαῖα
718 1725 964 1765 defenderet.
1031 1726 1167 1776 Neque
1203 1723 1400 1775 perspicio
1443 1735 1514 1763 cur
1552 1723 1616 1762 ille

99 1795 193 1841 hoc,
223 1795 307 1834 σεῖ’
336 1789 369 1834 ὦ
398 1800 518 1846 μαῖα,
550 1797 644 1835 ferri
675 1806 794 1847 posse
824 1799 956 1849 neget.
1014 1795 1188 1835 Noverat
1217 1800 1348 1834 tamen
1371 1794 1475 1834 haud
1497 1794 1615 1834 dubie

97 1867 308 1906 Homerica
345 1868 431 1906 σεῖ’
471 1867 512 1906 ll.
546 1867 606 1907 VI.
635 1866 729 1908 454.
774 1867 904 1920 hymn.
934 1868 1079 1907 Bacch.
1119 1868 1210 1907 inin.
1250 1867 1309 1907 19.
1350 1872 1389 1906 et
1429 1867 1538 1917 ἐμεῖ’
1572 1866 1615 1906 ll.

98 1938 236 1979 XXIII.
268 1939 361 1978 789.
393 1938 467 1979 Od.
498 1939 594 1980 VIII.
622 1940 715 1981 462.
775 1941 838 1981 An
874 1941 993 1994 igitur
1028 1953 1103 1990 ea,
1145 1953 1246 1993 quae
1287 1945 1348 1980 est
1388 1939 1605 1979 Hermannt

98 2011 218 2063 Orph.
249 2024 286 2063 p.
319 2011 411 2051 723.
447 2016 485 2052 et
525 2013 696 2053 Belsskeri
739 2015 779 2053 in
826 2026 994 2054 censura
1043 2015 1200 2054 Homeri
1231 2013 1416 2054 Wolfiani
1445 2012 1609 2064 Ephem.

97 2083 167 2123 liu.
198 2083 352 2123 lenens.
383 2083 522 2125 Octob.
560 2086 676 2126 1809.
709 2086 754 2126 Ν.
787 2084 877 2126 244.
903 2086 996 2125 131.
1025 2086 1220 2136 (lontrina,
1249 2098 1320 2138 pro
1350 2085 1503 2125 vitiosis
1533 2083 1610 2123 ha-

98 2155 246 2194 bebat?
309 2155 396 2195 Non
425 2156 679 2208 reprehendo
710 2158 943 2199 doctrinam.
1002 2161 1053 2201 At
1077 2165 1206 2200 tamen
1230 2160 1390 2210 antiqua
1420 2162 1511 2197 sunt
1530 2157 1604 2195 ista

99 2231 138 2267 et
157 2226 397 2266 Callimacho
426 2227 532 2268 haud
566 2229 684 2270 dubie
714 2232 870 2271 suerunt
901 2236 992 2271 ante
1025 2232 1175 2271 oeulos.
1232 2231 1445 2283 Aliquanto
1478 2229 1617 2268 melius

102 2299 206 2338 idem
239 2298 442 2339 lacohsius
485 2299 535 2340 ad
557 2300 716 2340 Herod.
743 2301 821 2341 Au.
856 2302 964 2351 (sive
996 2301 1192 2349 Marcell.)
1226 2313 1262 2339 v.
1294 2301 1332 2340 5.
1397 2298 1615 2338 Connnent.

102 2369 192 2418 Vol.
220 2368 264 2408 II.
295 2368 334 2408 P.
366 2368 410 2409 11.
444 2381 479 2420 p.
511 2369 604 2410 373.
635 2368 807 2410 πολλάκι
836 2385 900 2410 σοι
934 2372 1187 2421 coniecerat,
1218 2370 1322 2422 quod
1353 2371 1477 2423 ipsum
1507 2374 1619 2410 reete

99 2442 332 2493 scripturum
371 2441 494 2481 fuisse
525 2428 804 2482 Callimachum
849 2449 982 2483 monet
1024 2443 1314 2483 eruditissimus
1356 2454 1503 2482 censor
1531 2443 1616 2481 Ilo-

102 2513 200 2552 meri
231 2511 353 2551 Wolf.
385 2512 428 2552 N.
464 2510 556 2553 247.
589 2525 624 2564 p.
661 2514 748 2554 156.
781 2520 880 2554 extr.
940 2516 1090 2566 Toupio
1122 2528 1183 2567 ap.
1216 2515 1414 2555 Gaisl'ord.
1448 2516 1488 2555 in
1508 2515 1616 2556 Suid.

103 2583 256 2637 placet:
289 2583 460 2623 πολλάκι
490 2584 564 2622 καί
587 2585 656 2624 σέο
686 2602 728 2634 μ.
792 2586 910 2626 Usum
943 2587 1043 2626 huuc
1074 2588 1360 2638 pronominum,
1389 2589 1482 2636 σέο,
1513 2592 1615 2635 σεῖο,

103 2657 229 2705 ἐμεῖο,
257 2666 329 2706 pro
362 2656 625 2706 possessivIs,
655 2658 784 2709 attigit
815 2658 916 2697 idem
948 2659 1102 2698 Censor
1130 2659 1193 2698 ille
1223 2660 1246 2698 l.
1277 2659 1300 2698 l.
1330 2671 1365 2711 p.
1401 2660 1490 2698 158.
1524 2658 1616 2697 illu-

103 2727 320 2777 stravitque
352 2727 540 2778 exemptis
559 2722 800 2778 Callimachi,
828 2729 1042 2781 Apollonii,
1075 2729 1190 2769 facile
1220 2729 1295 2770 illis
1323 2729 1543 2783 augendis:
1577 2733 1617 2768 ut

99 2798 251 2839 Gallim.
285 2797 322 2840 ll.
354 2799 391 2838 in
426 2799 507 2839 Del.
544 2798 632 2839 119.
666 2799 709 2840 ἑν
735 2794 875 2854 οὔρεσι
907 2800 1076 2842 πολλάκι
1111 2806 1212 2850 οἰῐο,
1243 2807 1281 2842 ct
1313 2801 1405 2842 227.
1436 2807 1522 2842 σεῖο
1563 2824 1615 2831 —-
