1856 3126
733 146 1035 183 -1972-

129 266 367 317 γλαυκῶπις
407 263 664 317 appellatum,
712 268 752 302 at
792 264 857 303 liio
906 276 933 302 a·
976 263 1126 301 Glauco
1170 259 1342 311 quodam
1386 257 1649 299 autoclatlzone

127 335 403 375 Γλαυκώπιον
439 337 573 375 docet.
631 335 680 374 Et
708 347 758 374 ne
790 335 946 374 diffidas
975 334 1227 386 Etyinologo,
1262 333 1396 372 miram
1428 331 1649 370 doctrinam

127 407 353 460 Etyinologi
386 407 591 446 confirmat
631 410 749 458 atque
783 405 991 457 amplificat
1023 417 1103 444 non
1146 406 1194 444 ab
1228 405 1333 444 omni
1376 407 1487 455 parte
1529 405 1648 450 tutttS,

128 481 251 521 verba
284 482 318 520 si
353 485 537 532 spectes,
568 479 820 518 librariorum
854 477 964 529 culpa
986 509 995 527 ,
1028 482 1067 517 at
1097 477 1202 529 quod
1243 480 1358 528 caput
1399 475 1457 514 rei
1502 474 1652 522 attinet,

128 554 226 593 satis
254 553 422 593 idoneus
453 553 589 602 testis,
619 551 840 603 Stephanus
870 550 966 601 Byz.
993 550 1200 601 praeclaro
1228 548 1477 588 testimonio:
1502 545 1653 587 Ἀλαλ-

66 603 69 615 Ὶ
129 627 328 674 κομένιον,
356 620 474 670 πόλις
505 622 722 675 Βοιωτίας,
755 620 837 661 α’πὸ
863 625 937 661 τοῦ
967 621 1310 671 Ἀλαλκομενέως,
1342 617 1386 665 ὃς
1407 617 1478 658 καί
1507 619 1654 669 ἵδρυσε

129 695 205 748 τήν
228 695 419 749 Ἀθηνᾶν
449 692 832 747 Ἀλαλκομειήι”ι)α.
892 692 940 731 οὗ
974 691 1052 745 γάρ
1096 690 1211 742 παρὰ
1254 691 1299 731 τὸ
1345 691 1567 740 ἀλαλκεῖν,
1599 687 1653 734 ὡς

125 764 442 819 Ἀρίσταρχος·
476 761 524 817 ἦν
552 762 632 816 γάρ
665 761 718 803 ἄν
747 763 818 803 καί
843 763 1079 817 Ἀλαλκιῑΐς·
1113 763 1202 803 ἀλλ’
1222 761 1276 810 ὥς
1295 761 1459 815 Θησεὺς
1485 762 1655 815 Θησηΐς,

130 834 262 885 οὕτως
287 834 622 887 ’.Αλαλκομενεύς
649 835 994 887 Ἀλαλκο,ιιειή“ι”;,
1016 831 1155 886 ὥσπερ
1179 834 1250 874 καί
1263 830 1445 887 Βρισεὺς
1461 834 1652 886 Βρισηΐς,

130 912 203 950 καί
228 908 396 963 Νηρεὺς
427 909 600 962 Νηρηΐς.
661 909 706 948 ἐκ
735 909 809 946 τοῦ
838 906 1178 956 ’Λλαλκομενέως
1210 906 1267 957 ὸὲ,
1298 904 1370 945 καί
1394 905 1656 959 Ἀθηναῖδος

130 983 204 1035 τῆς
230 978 510 1033 εΙτιποβότου,
540 979 906 1027 Γλαυ’κωπος,
954 978 1041 1033 ἀφ’
1081 993 1101 1017 ο
1122 972 1144 1017 ὗ
1183 976 1234 1018 τὸ
1270 974 1654 1027 Γλαυκώπιον,

129 1054 222 1093 καί
250 1054 604 1099 Γλαυκῶπις.
673 1053 747 1091 καί
775 1048 884 1097 Ζιιῖς
915 1051 1128 1103 Πολιεύς,
1169 1049 1240 1090 καί
1270 1050 1436 1104 Ἀθηνᾶ
1479 1047 1656 1096 Πολιάς.

130 1123 174 1164 τὸ
204 1123 370 1164 ἐθνικὸν
393 1119 765 1175 Ἀλαλκομενιειῖς,
795 1121 867 1162 καί
888 1122 1224 1174 Ἀλαλκομένιος,
1258 1125 1330 1163 καί
1349 1122 1656 1172 Ἀλαλκομενιά

131 1193 157 1248 ἦ
188 1196 356 1249 Ἀθηνᾶ
391 1197 481 1236 ἐκεῖ
516 1197 702 1246 τιμᾶται.
761 1195 838 1234 τοῦ
870 1195 908 1233 δ’
938 1191 1253 1246 Ἀλαλκομενή,
1290 1195 1657 1243 Ἀλαλκομεναῖος.

132 1268 243 1308 Haeo
270 1268 390 1321 vulgo
421 1269 616 1320 leguntur.
675 1267 718 1306 ln
752 1267 893 1318 quibus
924 1278 1004 1305 non
1036 1266 1318 1318 spoponderim
1350 1271 1462 1306 recte
1496 1277 1540 1305 so
1580 1265 1656 1304 lia-

133 1342 230 1381 bere
262 1341 407 1380 onmia.
468 1340 583 1379 Certe
618 1339 758 1378 lacuna
790 1338 948 1378 videtur
979 1350 1071 1377 esse
1111 1342 1199 1389 post
1228 1340 1490 1385 Γλαυκῶπις.
1558 1338 1656 1378 Nam

132 1417 174 1452 ut
204 1413 253 1451 de
289 1412 505 1464 Glaucopio
535 1413 629 1452 nihil
662 1413 807 1452 dictum
840 1412 957 1451 suerit
988 1411 1181 1463 amplius,
1211 1416 1342 1450 tamen
1386 1411 1531 1451 dictum
1563 1423 1656 1451 esse

135 1484 282 1534 debuit,
310 1485 432 1524 fuisse
464 1485 504 1524 in
535 1497 644 1535 arce,
677 1496 754 1536 quo
785 1488 1091 1523 annecterentur
1122 1483 1206 1533 illa,
1235 1481 1347 1530 Ζεύς
1377 1482 1583 1534 Πολιεύς,
1619 1487 1659 1522 et

134 1557 304 1609 Ἀθηνᾶ
337 1550 517 1603 Πολιάς.
575 1557 723 1597 Similia
752 1557 814 1595 vel
846 1560 1015 1608 cognata
1047 1556 1262 1608 tradentes,
1296 1555 1344 1594 de
1372 1555 1657 1595 Alalcomeneo

137 1628 422 1678 autochthone‚
456 1629 519 1668 vel
550 1628 689 1676 heroe,
721 1629 785 1681 qui
815 1629 1023 1668 nutriverit
1053 1628 1244 1681 Ἀθηνᾶν,
1275 1628 1337 1667 vel
1360 1629 1542 1681 templum
1573 1629 1658 1668 eius

138 1701 392 1752 condiderit,
426 1705 504 1740 tuin
538 1701 587 1740 de
617 1700 893 1741 Alalcoinenia
926 1700 1079 1754 Ogygis
1110 1700 1212 1750 tilia,
1240 1702 1426 1741 excitavit
1455 1701 1660 1741 Berkelius

139 1773 370 1813 Pausaniam
400 1773 468 1816 IX.
497 1773 562 1823 33,
593 1774 634 1812 5.
663 1773 831 1826 Etymol.
861 1773 911 1813 M.
942 1786 978 1813 v.
1012 1773 1340 1826 Ἀλαλκομενηῒς
1370 1787 1402 1826 p.
1428 1775 1494 1825 56,
1530 1775 1591 1817 14.
1622 1779 1662 1814 et

142 1845 204 1886 19.
245 1843 491 1885 Eustatbiutn
532 1845 570 1884 in
607 1843 716 1883 lliad.
748 1843 810 1884 lV.
839 1846 877 1884 S.
920 1857 956 1897 p.
986 1842 1080 1893 439,
1106 1845 1175 1885 33.
1245 1845 1531 1896 Coniparentur
1572 1858 1658 1885 cuni

140 1917 419 1970 Etymologico
449 1916 580 1958 Schol.
611 1916 724 1956 Hom.
751 1916 794 1955 ll.
831 1916 895 1956 1V.
927 1919 965 1957 ὃ.
999 1916 1150 1957 Eudoc.
1184 1930 1220 1969 p.
1250 1919 1288 1957 4.
1324 1931 1382 1970 sq.
1417 1918 1590 1959 Cramer.
1612 1920 1660 1958 A.

141 1990 208 2029 Gr.
241 1990 286 2029 V.
320 1990 348 2029 l.
380 2002 415 2042 p.
446 1989 511 2039 76,
541 1990 605 2029 25.
664 1988 695 2027 E
732 1989 1022 2028 recentioribus
1051 1989 1235 2029 Miillerus
1275 1990 1463 2030 Orchom.
1496 2004 1532 2043 p.
1566 1992 1660 2031 915.

141 2060 217 2100 Pro
252 2066 361 2101 cerlo
381 2061 600 2111 habebitur,
629 2062 855 2103 coniunctis
884 2062 1108 2116 Etymologi
1139 2064 1177 2102 in
1208 2060 1471 2103 Γλαυκόπιον
1502 2068 1541 2103 et
1573 2065 1663 2104 Ste-

144 2133 265 2186 phani
298 2134 548 2186 testimoniis,
579 2134 701 2174 fuisse
733 2135 798 2186 qui
830 2137 1109 2176 Γλαυκωπιόυ
1141 2135 1441 2187 appellationem
1473 2141 1511 2176 et
1541 2137 1666 2189 ipsum

147 2206 250 2246 adeo
278 2207 389 2247 Deae
420 2219 647 2259 cognomen
677 2208 941 2259 γλαυκῶπις,
982 2221 1003 2248 a
1046 2209 1250 2259 Glaueopo
1293 2207 1461 2260 quodam
1503 2208 1667 2249 deriva-

147 2283 255 2318 rent:
288 2291 368 2319 non
398 2278 671 2321 Γλαυκώπιον
709 2291 731 2317 a
765 2279 846 2317 Dea
876 2278 1150 2331 γλαυκώπιδι.
1218 2280 1402 2330 Sequitur
1430 2281 1597 2329 Strabo,
1626 2281 1665 2319 in

149 2362 279 2402 quem,
307 2351 383 2390 nisi
413 2350 541 2402 fallor,
572 2363 623 2389 ex
651 2350 877 2404 Etymologi
906 2352 1174 2404 Steplianique
1211 2352 1477 2403 disputatione
1519 2353 1668 2405 aliquid

149 2421 347 2463 redundat
380 2421 490 2465 lucis.
548 2422 684 2462 Refert
713 2428 842 2463 autem
871 2424 1015 2465 Strabo
1037 2424 1114 2463 Vll.
1134 2437 1170 2477 p.
1190 2424 1281 2464 299.
1306 2424 1421 2476 (459.
1445 2425 1508 2474 Β.)
1540 2425 1670 2477 Apol-

149 2494 282 2534 lodori
313 2493 617 2546 disputationem
650 2495 691 2534 in
720 2495 787 2534 lib.
818 2495 865 2535 11.
894 2495 992 2548 περὶ
1020 2497 1121 2536 νεῶν
1140 2528 1150 2547 ,
1186 2501 1224 2535 et
1253 2496 1410 2548 quidem
1442 2497 1481 2536 in
1517 2509 1670 2549 prooe-

149 2566 251 2606 mio:
286 2565 336 2605 cf.
366 2565 602 2617 Apollodori
633 2567 787 2620 Fragm.
816 2566 942 2620 Heyn.
974 2580 1013 2620 p.
1040 2569 1133 2608 421.
1167 2569 1239 2608 καί
1286 2574 1369 2616 τοῖς
1409 2569 1485 2619 μὲν
1527 2563 1670 2616 ἄλλοις

150 2636 397 2691 συγγνώμην
424 2633 554 2688 εἶναι,
586 2636 854 2695 Καλλιμάχῳ
896 2640 941 2680 δὲ
969 2636 1028 2693 μή
1063 2640 1172 2679 πάνυ
1192 2674 1201 2692 ,
1242 2641 1585 2695 μεταποιουμέιῳ
1624 2655 1669 2693 γε

149 2711 466 2764 γραμματικῆς·
512 2706 554 2758 ὃς
581 2707 655 2763 τήν
693 2711 771 2761 μὲν
800 2712 971 2751 Γαῦδον
1004 2713 1243 2762 Καλυψοῦς
1271 2712 1395 2764 νῆσόν
1426 2727 1553 2767 φησι·
1597 2711 1670 2764 τήν

153 2782 199 2822 δὲ
229 2783 459 2836 Κόρκυραν
487 2782 683 2834 Σχερίαν·
714 2776 868 2828 ἅλλους
911 2783 949 2821 δ’
982 2785 1164 2824 αἰτιᾶται
1206 2782 1518 2835 (Apollodorus)
1561 2783 1674 2836 ψεύ-

153 2856 310 2895 σασθαι
343 2855 439 2908 περί
467 2853 675 2908 Γερήνων,
704 2852 776 2893 καί
804 2853 878 2892 τοῦ
905 2852 1172 2908 Ἀκακησίου,
1194 2853 1426 2909 καίΛήμου
1451 2852 1674 2910 ε’νἸθάκῃ,
