1856 3126
776 118 1082 154 —109—

165 232 324 272 incisio.
383 231 533 270 Eadem
564 242 631 270 res
662 232 700 271 in
731 233 972 285 Fragmento
1007 232 1099 272 CVI.
1136 234 1169 272 1.
1202 232 1276 272 καί
1301 231 1381 285 γάρ
1419 230 1499 285 ἐγώ
1542 230 1594 274 τά
1622 232 1702 284 μὲν

160 301 268 341 ὅσσα
295 301 474 353 καρήατι
504 302 636 353 τῆμος
667 299 819 342 ἔδωκα,
868 303 907 342 ln
932 304 1090 356 Fragtn.
1112 303 1369 346 CCLXXXV.
1402 304 1435 343 Si
1465 303 1561 344 nihil
1581 304 1702 353 aliud,

162 379 272 413 certe
301 373 381 411 hoe
413 372 547 422 video,
577 384 726 423 pravos
755 385 849 412 esse
882 385 1088 420 numeros,
1122 385 1223 425 quos
1241 374 1529 414 Boissonadius
1548 387 1585 427 p.
1608 376 1699 415 199.

160 446 253 484 912.
281 444 402 483 fecit:
435 443 565 493 μέζὲα
592 442 844 494 θερμότατε,
875 440 1050 497 ῥιζοῦχε
1070 445 1311 488 Ποσειδῶν.
1371 440 1574 498 ῥιζοῦχον
1604 447 1702 484 Πο-

159 517 341 555 σειδῶνα
375 513 587 566 equidem,
619 514 696 553 nisi
737 515 842 554 aliud
876 514 1066 554 suaderet
1094 513 1280 564 Procius,
1314 515 1379 565 qui
1412 514 1491 554 hoc
1533 515 1583 554 ad
1625 528 1700 554 cx-

158 586 386 639 plicandum
433 585 598 625 Hesiod.
643 583 752 636 Ἐργ.
789 586 884 625 510.
931 585 1118 636 adhibet,
1164 586 1402 625 illustrarem
1442 599 1494 626 ex
1530 587 1700 638 Oppiani

159 658 226 698 lib.
247 658 291 699 V.
311 662 410 697 extr.
445 657 510 696 ubi
542 661 603 697 est
635 655 906 708 Ποσειδάων,
938 654 1123 710 ῥιζοῧχα
1155 658 1318 710 (γαίης)
1348 659 1545 709 θεμείλια
1575 660 1700 710 νέρθε

160 728 412 782 φυλνλσσων.
469 729 529 768 De
573 729 662 768 aliis
697 729 826 781 poetis
868 727 946 767 huc
980 728 1221 780 pertinentia
1257 728 1470 780 disputavit
1508 729 1554 770 E.
1593 730 1698 769 Ger-

161 799 311 838 hardus
341 800 467 840 Lectt.
503 801 759 853 Apolloniati.
794 813 830 852 p.
862 802 958 840 91‘2.
993 813 1083 852 sqq.
1126 813 1203 840 nec
1239 808 1373 840 tamen
1406 813 1502 840 vcra
1542 803 1698 841 omnia:

159 871 281 911 veluti
316 872 421 924 apud
455 871 708 911 Theocritum
742 871 843 912 XVI.
863 873 902 911 4.
937 873 1083 911 dudum
1117 884 1425 920 revocaverant,
1458 885 1574 924 quam
1595 886 1700 912 nunc

159 948 272 983 recte
320 945 640 996 repraesentavit
685 944 935 993 Meinekius„
978 946 1154 997 priorum
1202 945 1451 996 quorundam
1502 945 1700 985 editorum

161 1016 421 1067 scripturam:
458 1011 596 1066 ἄμμες
631 1017 675 1055 ὁὲ
722 1015 869 1068 βροτοί
900 1016 1012 1055 oros·
1058 1014 1237 1068 sspotoig
1281 1015 1429 1067 βροτοί
1470 1012 1703 1068 ἀείδωμες,

163 1098 236 1139 pro
268 1088 343 1126 islo
376 1088 621 1126 inconcinno
664 1081 801 1137 ι’ἱμμες
831 1087 875 1125 δὲ
904 1088 1068 1136 βροτοί·
1108 1084 1144 1127 oi
1188 1087 1233 1126 δὲ
1271 1085 1454 1139 βροῖοῦς
1482 1088 1630 1139 βροτοί
1661 1088 1701 1128 α’.

159 1158 316 1199 Addam
351 1159 590 1211 Fragmenta
621 1158 770 1210 aliquot
803 1158 1055 1209 Callimachi,
1092 1170 1194 1210 quae
1223 1163 1265 1198 ut
1293 1171 1400 1198 nuno
1429 1163 1521 1198 sunt
1550 1159 1700 1225 mutila,

160 1230 348 1270 laborare
382 1242 429 1269 ca
460 1235 572 1282 parte
603 1229 818 1280 videniur,
852 1234 891 1269 at
923 1229 1031 1279 olim,
1064 1235 1173 1281 puto,
1203 1241 1284 1269 non
1314 1229 1562 1270 laborabant.
1604 1232 1703 1273 Sunt

161 1306 292 1342 autem
329 1302 458 1353 hacc,
492 1313 594 1352 quae
628 1313 839 1340 caesuram
873 1301 1046 1340 offerunt
1078 1303 1251 1340 omnium
1284 1302 1628 1355 molestissimam,
1660 1305 1702 1344 in

160 1374 264 1426 pede
294 1374 433 1413 tertio:
476 1373 634 1425 Fragm.
678 1371 895 1412 CCXCVII.
925 1371 1194 1412 CCCCXXIII.
1229 1371 1473 1413 CCCCXLV.
1547 1374 1701 1422 Quibus

162 1445 264 1486 locis
297 1445 481 1485 omnibus
516 1444 792 1493 succurrebat,
823 1444 1128 1495 molestiamque
1159 1456 1354 1484 caesurae
1385 1445 1498 1485 istius
1526 1446 1703 1499 tollebat,

161 1523 229 1559 aut
258 1519 388 1559 statim
422 1518 674 1568 subsequens
706 1517 966 1556 usitatissima
999 1516 1114 1567 pedis
1148 1517 1288 1567 quarti,
1318 1522 1383 1556 aut
1413 1517 1488 1557 alia
1519 1520 1702 1570 proxime

164 1591 414 1630 antecedens
446 1602 640 1630 caesura:
674 1594 872 1640 tamquam
896 1589 928 1627 si
965 1588 1004 1627 in
1038 1588 1099 1627 Fr.
1122 1588 1390 1632 CCCCXXlll,
1423 1589 1562 1629 suerit:
1598 1592 1701 1646 [καί]

159 1661 217 1709 ὠς
248 1659 372 1710 λύκος
406 1663 639 1714 ω’ρυοίμην.
699 1661 847 1700 Horum
895 1659 1069 1698 omnium
1114 1659 1208 1697 nihil
1249 1659 1356 1699 cadit
1400 1661 1440 1699 in
1483 1673 1643 1701 versum
1679 1674 1703 1701 a

161 1734 399 1774 Buttmanno
424 1732 611 1783 estietmn,
636 1736 674 1771 et
701 1732 866 1771 omnino
885 1730 994 1782 *quod
1026 1732 1296 1782 praecesserit
1317 1736 1409 1770 ante
1429 1731 1532 1773 haec
1554 1735 1700 1775 verba:

163 1809 245 1847 οἵτε
276 1807 501 1858 βιοηλανὲς
538 1803 668 1856 α’γρὸιι
702 1803 775 1842 a'n’
807 1803 966 1854 α’γροῦ,
996 1802 1093 1840 nihil
1126 1802 1358 1853 excogites,
1392 1814 1469 1854 quo
1502 1806 1703 1845 obscure-

162 1883 225 1918 tur
255 1879 413 1931 ingrata
449 1888 634 1916 caesura.
696 1874 832 1922 Quare
875 1874 1015 1912 nescio
1056 1885 1104 1912 an
1145 1886 1281 1913 reram
1322 1875 1560 1926 scripturam
1597 1889 1703 1917 con-

163 1951 389 1991 servaverit
419 1949 592 1989 loannes
622 1945 947 1996 Alexandrinus,
977 1946 1097 1985 modo
1128 1946 1180 1984 ila
1208 1947 1430 1986 scribatur:

656 2014 803 2061 οἷοίτε
831 2019 1058 2069 βιοπλανὲς
1090 2015 1220 2069 α’γρὸν
1251 2016 1321 2057 ἀπ’
1347 2018 1482 2072 α’γροῦ

333 2094 566 2149 spondam.

168 2168 201 2207 si
232 2167 375 2206 usitate
407 2161 485 2206 οἷοί
514 2179 559 2203 τε
590 2163 631 2202 in
661 2162 738 2201 hac
769 2172 912 2200 versus
933 2160 1046 2210 sede,
1072 2160 1174 2212 apud
1197 2160 1414 2201 Homerum
1434 2161 1702 2214 Odyss.X111.

170 2240 263 2279 223.
299 2238 418 2277 XVII.
446 2236 541 2277 309.
572 2233 675 2287 apud
704 2232 960 2285 Apollonium
996 2232 1058 2271 ΠΙ.
1091 2232 1184 2272 976.
1223 2233 1341 2273 1229.
1384 2234 1551 2277 Nicand.
1585 2235 1702 2276 Ther.

175 2311 266 2350 175.
324 2310 373 2348 Et
403 2310 546 2360 aptius,
578 2307 619 2346 ni
651 2305 780 2354 fallor,
812 2299 899 2346 οἷοί
923 2318 965 2343 τε
999 2309 1060 2343 est
1092 2316 1208 2356 quam
1241 2306 1353 2345 οῖ’τεε
1385 2300 1562 2356 οἷοίτε,
1598 2318 1705 2357 qua-

172 2384 257 2430 les3
289 2382 466 2433 sequitur
499 2380 602 2419 enim
636 2378 877 2434 φοιτεῦσιν,
911 2380 1063 2428 tenipus
1103 2388 1310 2428 praesens.
1366 2376 1498 2428 Atque
1531 2378 1589 2417 sic
1625 2391 1703 2419 ex-

172 2456 332 2510 politum
362 2454 411 2493 ab
442 2452 550 2492 omni
577 2455 704 2503 parte,
734 2454 775 2489 ut
797 2448 890 2489 nihil
914 2461 994 2488 non
1017 2449 1326 2489 Callimacheum
1353 2450 1462 2500 insit,
1495 2450 1704 2503 fragmen-

173 2534 252 2568 tum
288 2536 454 2566 censeo.
514 2524 764 2563 Observelur
792 2522 1015 2562 restitutum
1049 2533 1070 2560 a
1106 2533 1168 2560 me
1204 2533 1254 2560 cx
1283 2522 1530 2572 coniectura,
1558 2523 1622 2565 vel
1653 2536 1705 2569 ex

171 2600 273 2640 libro
310 2597 510 2644 sortasse,
552 2593 782 2648 φοιτεῖσιν.
850 2592 1013 2633 Scilicet
1041 2592 1299 2634 Buttmannus
1336 2591 1433 2633 nihil
1474 2593 1552 2633 nisi
1601 2595 1704 2638 ,hocz

173 2674 213 2713 in
245 2671 347 2711 libro
378 2681 448 2710 ms.
482 2665 654 2709 Belikeri
686 2675 778 2704 esse
806 2665 1009 2718 φητῶσιν,
1040 2668 1077 2702 et
1107 2675 1225 2716 supra
1256 2664 1443 2716 scriptum
1477 2680 1564 2719 φοι.
1597 2672 1637 2707 at
1664 2669 1705 2709 in

175 2748 380 2787 Annotatt.
416 2740 585 2794 Etymol.
626 2737 725 2779 Gud.
760 2738 852 2777 loco
896 2748 981 2788 sup.
1020 2736 1182 2775 laudato
1222 2738 1439 2790 φοιιεῦσιν
1479 2738 1703 2784 exhibetur.

175 2819 356 2874 φοιτέων
384 2815 554 2855 sormam
593 2813 632 2852 in
664 2809 839 2850 Thaletis
881 2807 984 2861 apud
1014 2807 1241 2862 Diogenem
1281 2808 1481 2851 Laertium
1520 2811 1703 2864 epistola,
