<?xml version="1.0" encoding="UTF-8"?>
<!DOCTYPE html PUBLIC "-//W3C//DTD XHTML 1.0 Transitional//EN"
    "http://www.w3.org/TR/xhtml1/DTD/xhtml1-transitional.dtd">
<html xmlns="http://www.w3.org/1999/xhtml" xml:lang="en" lang="en">
 <head>
  <title>
</title>
<meta http-equiv="Content-Type" content="text/html;charset=utf-8" />
  <meta name='ocr-system' content='tesseract 3.04.00' />
  <meta name='ocr-capabilities' content='ocr_page ocr_carea ocr_par ocr_line ocrx_word'/>
</head>
<body>
  <div class='ocr_page' id='page_1' title='image "./opusculaphilolog02naekuoft_0107.png"; bbox 0 0 1856 3126; ppageno 0'>
   <div class='ocr_carea' id='block_1_1' title="bbox 140 257 1682 2325">
    <p class='ocr_par' dir='ltr' id='par_1_1' title="bbox 140 257 1682 2325">
     <span class='ocr_line' id='line_1_1' title="bbox 142 257 1672 316; baseline 0.003 -19"><span class='ocrx_word' id='word_1_1' title='bbox 142 257 446 316; x_wconf 58' lang='lat' dir='ltr'>compar-attone</span> <span class='ocrx_word' id='word_1_2' title='bbox 483 258 692 310; x_wconf 75' lang='lat' dir='ltr'>utriusque</span> <span class='ocrx_word' id='word_1_3' title='bbox 720 261 833 300; x_wconf 73' lang='lat' dir='ltr'>lestis</span> <span class='ocrx_word' id='word_1_4' title='bbox 872 261 948 301; x_wconf 79' lang='lat' dir='ltr'>hoc</span> <span class='ocrx_word' id='word_1_5' title='bbox 983 264 1184 312; x_wconf 71' lang='lat' dir='ltr'>emergyat:</span> <span class='ocrx_word' id='word_1_6' title='bbox 1227 285 1281 292; x_wconf 87' lang='lat'>-—</span> <span class='ocrx_word' id='word_1_7' title='bbox 1314 263 1521 310; x_wconf 77' lang='grc' dir='ltr'><em>Λιμναῖοι</em></span> <span class='ocrx_word' id='word_1_8' title='bbox 1556 260 1601 300; x_wconf 83' lang='grc' dir='ltr'>ὸὲ</span> <span class='ocrx_word' id='word_1_9' title='bbox 1628 275 1672 312; x_wconf 83' lang='grc' dir='ltr'>χ.</span> 
     </span>
     <span class='ocr_line' id='line_1_2' title="bbox 140 325 1672 382; baseline 0.001 -14"><span class='ocrx_word' id='word_1_10' title='bbox 140 325 179 381; x_wconf 65' lang='grc' dir='ltr'>ἢ.</span> <span class='ocrx_word' id='word_1_11' title='bbox 213 327 373 378; x_wconf 64' lang='grc' dir='ltr'>ἑορτάς.</span> <span class='ocrx_word' id='word_1_12' title='bbox 435 327 554 376; x_wconf 75' lang='lat' dir='ltr'>Quod</span> <span class='ocrx_word' id='word_1_13' title='bbox 581 331 693 380; x_wconf 78' lang='lat' dir='ltr'>apud</span> <span class='ocrx_word' id='word_1_14' title='bbox 722 330 965 382; x_wconf 65' lang='lat' dir='ltr'>Stephanum</span> <span class='ocrx_word' id='word_1_15' title='bbox 996 336 1074 379; x_wconf 77' lang='lat' dir='ltr'>est,</span> <span class='ocrx_word' id='word_1_16' title='bbox 1114 329 1187 369; x_wconf 74' lang='grc' dir='ltr'>καί</span> <span class='ocrx_word' id='word_1_17' title='bbox 1219 328 1279 382; x_wconf 82' lang='grc' dir='ltr'>οἱ,</span> <span class='ocrx_word' id='word_1_18' title='bbox 1309 342 1335 368; x_wconf 82' lang='grc' dir='ltr'><em>α</em></span> <span class='ocrx_word' id='word_1_19' title='bbox 1369 329 1570 380; x_wconf 72' lang='lat' dir='ltr'>Stephano</span> <span class='ocrx_word' id='word_1_20' title='bbox 1599 335 1672 379; x_wconf 79' lang='lat' dir='ltr'>est,</span> 
     </span>
     <span class='ocr_line' id='line_1_3' title="bbox 142 399 1674 454; baseline 0.001 -14"><span class='ocrx_word' id='word_1_21' title='bbox 142 399 380 440; x_wconf 76' lang='lat' dir='ltr'><em>Callimachi</em></span> <span class='ocrx_word' id='word_1_22' title='bbox 407 400 557 451; x_wconf 78' lang='lat' dir='ltr'>verba,</span> <span class='ocrx_word' id='word_1_23' title='bbox 589 407 634 441; x_wconf 78' lang='lat' dir='ltr'>ut</span> <span class='ocrx_word' id='word_1_24' title='bbox 661 403 858 442; x_wconf 76' lang='lat' dir='ltr'>interdum</span> <span class='ocrx_word' id='word_1_25' title='bbox 884 403 950 454; x_wconf 75' lang='lat' dir='ltr'>fit,</span> <span class='ocrx_word' id='word_1_26' title='bbox 979 415 1081 441; x_wconf 72' lang='lat' dir='ltr'>suae</span> <span class='ocrx_word' id='word_1_27' title='bbox 1112 401 1287 440; x_wconf 71' lang='lat' dir='ltr'>orationi</span> <span class='ocrx_word' id='word_1_28' title='bbox 1315 402 1543 441; x_wconf 59' lang='lat' dir='ltr'>intes-ente.-</span> <span class='ocrx_word' id='word_1_29' title='bbox 1569 403 1674 442; x_wconf 80' lang='lat' dir='ltr'>mede</span> 
     </span>
     <span class='ocr_line' id='line_1_4' title="bbox 141 471 1673 525; baseline 0.003 -16"><span class='ocrx_word' id='word_1_30' title='bbox 141 476 179 510; x_wconf 82' lang='lat' dir='ltr'>et</span> <span class='ocrx_word' id='word_1_31' title='bbox 195 471 444 522; x_wconf 77' lang='lat' dir='ltr'><em>particulam</em></span> <span class='ocrx_word' id='word_1_32' title='bbox 475 471 523 512; x_wconf 80' lang='grc' dir='ltr'>δέ</span> <span class='ocrx_word' id='word_1_33' title='bbox 552 474 696 514; x_wconf 76' lang='lat' dir='ltr'>omisit.</span> <span class='ocrx_word' id='word_1_34' title='bbox 755 475 842 515; x_wconf 88' lang='lat' dir='ltr'>Non</span> <span class='ocrx_word' id='word_1_35' title='bbox 874 474 996 513; x_wconf 89' lang='lat' dir='ltr'>mullo</span> <span class='ocrx_word' id='word_1_36' title='bbox 1026 478 1115 525; x_wconf 78' lang='lat' dir='ltr'>post</span> <span class='ocrx_word' id='word_1_37' title='bbox 1139 485 1189 511; x_wconf 81' lang='lat' dir='ltr'>ex</span> <span class='ocrx_word' id='word_1_38' title='bbox 1220 473 1309 516; x_wconf 82' lang='lat' dir='ltr'>cod,</span> <span class='ocrx_word' id='word_1_39' title='bbox 1331 474 1564 513; x_wconf 73' lang='lat' dir='ltr'>Ravennate</span> <span class='ocrx_word' id='word_1_40' title='bbox 1596 487 1673 513; x_wconf 86' lang='lat' dir='ltr'>au-</span> 
     </span>
     <span class='ocr_line' id='line_1_5' title="bbox 142 542 1674 598; baseline 0.001 -17"><span class='ocrx_word' id='word_1_41' title='bbox 142 548 245 582; x_wconf 88' lang='lat' dir='ltr'>ctum</span> <span class='ocrx_word' id='word_1_42' title='bbox 280 545 442 583; x_wconf 89' lang='lat' dir='ltr'>nomine</span> <span class='ocrx_word' id='word_1_43' title='bbox 472 546 660 585; x_wconf 83' lang='lat' dir='ltr'>carminis</span> <span class='ocrx_word' id='word_1_44' title='bbox 693 547 875 586; x_wconf 79' lang='lat' dir='ltr'>scholion</span> <span class='ocrx_word' id='word_1_45' title='bbox 909 546 1102 584; x_wconf 88' lang='lat' dir='ltr'>accessit:</span> <span class='ocrx_word' id='word_1_46' title='bbox 1137 545 1416 594; x_wconf 68' lang='grc' dir='ltr'><strong><em>Καλλίμαχος</em></strong></span> <span class='ocrx_word' id='word_1_47' title='bbox 1449 542 1674 598; x_wconf 74' lang='grc' dir='ltr'><em>ὲνἝκοίλῃ·</em></span> 
     </span>
     <span class='ocr_line' id='line_1_6' title="bbox 141 613 1674 671; baseline -0.003 -14"><span class='ocrx_word' id='word_1_48' title='bbox 141 615 407 671; x_wconf 70' lang='grc' dir='ltr'>Λιμναίῳόὲ</span> <span class='ocrx_word' id='word_1_49' title='bbox 432 620 509 654; x_wconf 88' lang='lat' dir='ltr'>etc.</span> <span class='ocrx_word' id='word_1_50' title='bbox 567 616 856 656; x_wconf 87' lang='lat' dir='ltr'>Hemsterhusii</span> <span class='ocrx_word' id='word_1_51' title='bbox 889 616 1013 656; x_wconf 85' lang='lat' dir='ltr'>altera</span> <span class='ocrx_word' id='word_1_52' title='bbox 1043 614 1219 665; x_wconf 84' lang='lat' dir='ltr'>suspicio</span> <span class='ocrx_word' id='word_1_53' title='bbox 1256 618 1332 660; x_wconf 78' lang='lat' dir='ltr'>ost,</span> <span class='ocrx_word' id='word_1_54' title='bbox 1366 613 1468 665; x_wconf 81' lang='lat' dir='ltr'>apud</span> <span class='ocrx_word' id='word_1_55' title='bbox 1500 613 1674 665; x_wconf 81' lang='lat' dir='ltr'>Stepha-</span> 
     </span>
     <span class='ocr_line' id='line_1_7' title="bbox 141 683 1674 737; baseline -0.001 -11"><span class='ocrx_word' id='word_1_56' title='bbox 141 699 231 726; x_wconf 84' lang='lat' dir='ltr'>num</span> <span class='ocrx_word' id='word_1_57' title='bbox 263 687 305 727; x_wconf 86' lang='grc' dir='ltr'>Β.</span> <span class='ocrx_word' id='word_1_58' title='bbox 336 687 376 725; x_wconf 90' lang='lat' dir='ltr'>in</span> <span class='ocrx_word' id='word_1_59' title='bbox 405 685 479 725; x_wconf 79' lang='grc' dir='ltr'>καί</span> <span class='ocrx_word' id='word_1_60' title='bbox 509 683 546 726; x_wconf 79' lang='grc' dir='ltr'>οἱ</span> <span class='ocrx_word' id='word_1_61' title='bbox 578 699 724 727; x_wconf 89' lang='lat' dir='ltr'>nomen</span> <span class='ocrx_word' id='word_1_62' title='bbox 755 689 880 727; x_wconf 82' lang='lat' dir='ltr'>latere</span> <span class='ocrx_word' id='word_1_63' title='bbox 914 686 1160 727; x_wconf 71' lang='lat' dir='ltr'>Callimachi.</span> <span class='ocrx_word' id='word_1_64' title='bbox 1222 685 1302 724; x_wconf 88' lang='lat' dir='ltr'>lam</span> <span class='ocrx_word' id='word_1_65' title='bbox 1343 684 1423 724; x_wconf 86' lang='lat' dir='ltr'>hoc</span> <span class='ocrx_word' id='word_1_66' title='bbox 1463 686 1674 737; x_wconf 78' lang='lat' dir='ltr'>fragmen-</span> 
     </span>
     <span class='ocr_line' id='line_1_8' title="bbox 141 757 1674 813; baseline 0 -15"><span class='ocrx_word' id='word_1_67' title='bbox 141 764 246 809; x_wconf 85' lang='lat' dir='ltr'>tum,</span> <span class='ocrx_word' id='word_1_68' title='bbox 285 759 372 799; x_wconf 87' lang='lat' dir='ltr'>sive</span> <span class='ocrx_word' id='word_1_69' title='bbox 402 761 608 810; x_wconf 81' lang='grc' dir='ltr'><em>Λιμναῖοι</em></span> <span class='ocrx_word' id='word_1_70' title='bbox 641 759 782 812; x_wconf 83' lang='lat' dir='ltr'>legas,</span> <span class='ocrx_word' id='word_1_71' title='bbox 816 760 903 800; x_wconf 88' lang='lat' dir='ltr'>sive</span> <span class='ocrx_word' id='word_1_72' title='bbox 935 761 1163 813; x_wconf 61' lang='lat' dir='ltr'>Azmm&#39;cy,</span> <span class='ocrx_word' id='word_1_73' title='bbox 1210 757 1426 808; x_wconf 86' lang='lat' dir='ltr'>temporis,</span> <span class='ocrx_word' id='word_1_74' title='bbox 1462 757 1502 796; x_wconf 92' lang='lat' dir='ltr'>ni</span> <span class='ocrx_word' id='word_1_75' title='bbox 1546 758 1674 807; x_wconf 75' lang='lat' dir='ltr'>fallor,</span> 
     </span>
     <span class='ocr_line' id='line_1_9' title="bbox 141 829 1677 883; baseline 0.001 -14"><span class='ocrx_word' id='word_1_76' title='bbox 141 829 491 883; x_wconf 84' lang='lat' dir='ltr'>significationem,</span> <span class='ocrx_word' id='word_1_77' title='bbox 524 841 602 881; x_wconf 87' lang='lat' dir='ltr'>quo</span> <span class='ocrx_word' id='word_1_78' title='bbox 637 829 783 881; x_wconf 89' lang='lat' dir='ltr'>aliquid</span> <span class='ocrx_word' id='word_1_79' title='bbox 819 834 975 882; x_wconf 85' lang='lat' dir='ltr'>gestum</span> <span class='ocrx_word' id='word_1_80' title='bbox 1007 831 1057 870; x_wconf 90' lang='lat' dir='ltr'>sit</span> <span class='ocrx_word' id='word_1_81' title='bbox 1086 830 1161 870; x_wconf 88' lang='lat' dir='ltr'>illis</span> <span class='ocrx_word' id='word_1_82' title='bbox 1191 833 1229 869; x_wconf 89' lang='lat' dir='ltr'>in</span> <span class='ocrx_word' id='word_1_83' title='bbox 1262 831 1511 883; x_wconf 74' lang='lat' dir='ltr'>regionibus,</span> <span class='ocrx_word' id='word_1_84' title='bbox 1542 831 1677 882; x_wconf 90' lang='lat' dir='ltr'>loqui-</span> 
     </span>
     <span class='ocr_line' id='line_1_10' title="bbox 142 902 1675 955; baseline 0.001 -14"><span class='ocrx_word' id='word_1_85' title='bbox 142 907 218 941; x_wconf 90' lang='lat' dir='ltr'>tur.</span> <span class='ocrx_word' id='word_1_86' title='bbox 277 902 465 941; x_wconf 76' lang='lat' dir='ltr'>Fortasse</span> <span class='ocrx_word' id='word_1_87' title='bbox 507 903 728 953; x_wconf 86' lang='lat' dir='ltr'>temporis,</span> <span class='ocrx_word' id='word_1_88' title='bbox 776 908 842 942; x_wconf 88' lang='lat' dir='ltr'>aut</span> <span class='ocrx_word' id='word_1_89' title='bbox 875 903 983 953; x_wconf 80' lang='lat' dir='ltr'>diei,</span> <span class='ocrx_word' id='word_1_90' title='bbox 1020 915 1098 955; x_wconf 89' lang='lat' dir='ltr'>quo</span> <span class='ocrx_word' id='word_1_91' title='bbox 1130 902 1308 942; x_wconf 81' lang='lat' dir='ltr'>&#39;Theseus</span> <span class='ocrx_word' id='word_1_92' title='bbox 1347 907 1486 942; x_wconf 77' lang='lat' dir='ltr'>contra</span> <span class='ocrx_word' id='word_1_93' title='bbox 1521 907 1675 942; x_wconf 83' lang='lat' dir='ltr'>taurum</span> 
     </span>
     <span class='ocr_line' id='line_1_11' title="bbox 141 973 1676 1026; baseline 0.001 -14"><span class='ocrx_word' id='word_1_94' title='bbox 141 973 433 1013; x_wconf 82' lang='lat' dir='ltr'>Marathonium</span> <span class='ocrx_word' id='word_1_95' title='bbox 465 973 672 1025; x_wconf 82' lang='lat' dir='ltr'>profectus</span> <span class='ocrx_word' id='word_1_96' title='bbox 705 979 779 1014; x_wconf 88' lang='lat' dir='ltr'>est.</span> <span class='ocrx_word' id='word_1_97' title='bbox 841 975 943 1022; x_wconf 82' lang='lat' dir='ltr'>Quid</span> <span class='ocrx_word' id='word_1_98' title='bbox 977 975 1081 1014; x_wconf 88' lang='lat' dir='ltr'>enim</span> <span class='ocrx_word' id='word_1_99' title='bbox 1110 976 1157 1025; x_wconf 86' lang='lat' dir='ltr'>si,</span> <span class='ocrx_word' id='word_1_100' title='bbox 1184 979 1225 1014; x_wconf 88' lang='lat' dir='ltr'>ut</span> <span class='ocrx_word' id='word_1_101' title='bbox 1258 975 1357 1015; x_wconf 91' lang='lat' dir='ltr'>alios</span> <span class='ocrx_word' id='word_1_102' title='bbox 1391 976 1503 1024; x_wconf 79' lang='lat' dir='ltr'>dies,</span> <span class='ocrx_word' id='word_1_103' title='bbox 1533 974 1676 1026; x_wconf 88' lang='lat' dir='ltr'>quibus</span> 
     </span>
     <span class='ocr_line' id='line_1_12' title="bbox 144 1046 1678 1100; baseline -0.001 -14"><span class='ocrx_word' id='word_1_104' title='bbox 144 1047 289 1100; x_wconf 86' lang='lat' dir='ltr'>aliquid</span> <span class='ocrx_word' id='word_1_105' title='bbox 320 1046 579 1086; x_wconf 75' lang='lat' dir='ltr'>memorabile</span> <span class='ocrx_word' id='word_1_106' title='bbox 611 1046 779 1086; x_wconf 84' lang='lat' dir='ltr'>fecisset</span> <span class='ocrx_word' id='word_1_107' title='bbox 812 1046 1013 1097; x_wconf 74' lang='lat' dir='ltr'>Theseus,</span> <span class='ocrx_word' id='word_1_108' title='bbox 1042 1047 1294 1087; x_wconf 81' lang='lat' dir='ltr'>edidicerant</span> <span class='ocrx_word' id='word_1_109' title='bbox 1326 1047 1678 1098; x_wconf 66' lang='lat' dir='ltr'>observabantque</span> 
     </span>
     <span class='ocr_line' id='line_1_13' title="bbox 143 1118 1678 1171; baseline 0 -13"><span class='ocrx_word' id='word_1_110' title='bbox 143 1118 450 1171; x_wconf 82' lang='lat' dir='ltr'>religiosissime</span> <span class='ocrx_word' id='word_1_111' title='bbox 480 1118 776 1159; x_wconf 75' lang='lat' dir='ltr'>Athenienses:</span> <span class='ocrx_word' id='word_1_112' title='bbox 810 1118 914 1158; x_wconf 87' lang='lat' dir='ltr'>diem</span> <span class='ocrx_word' id='word_1_113' title='bbox 948 1119 1083 1159; x_wconf 89' lang='lat' dir='ltr'>Cronii</span> <span class='ocrx_word' id='word_1_114' title='bbox 1115 1120 1267 1159; x_wconf 86' lang='lat' dir='ltr'>mensis</span> <span class='ocrx_word' id='word_1_115' title='bbox 1290 1131 1322 1158; x_wconf 91' lang='lat' dir='ltr'>s.</span> <span class='ocrx_word' id='word_1_116' title='bbox 1350 1119 1678 1159; x_wconf 83' lang='lat' dir='ltr'>Hecatombaco-</span> 
     </span>
     <span class='ocr_line' id='line_1_14' title="bbox 143 1191 1678 1242; baseline 0.001 -12"><span class='ocrx_word' id='word_1_117' title='bbox 143 1193 206 1231; x_wconf 89' lang='lat' dir='ltr'>nis</span> <span class='ocrx_word' id='word_1_118' title='bbox 237 1195 446 1238; x_wconf 79' lang='lat' dir='ltr'>octavum,</span> <span class='ocrx_word' id='word_1_119' title='bbox 485 1202 562 1241; x_wconf 90' lang='lat' dir='ltr'>quo</span> <span class='ocrx_word' id='word_1_120' title='bbox 595 1191 761 1242; x_wconf 90' lang='lat' dir='ltr'>primum</span> <span class='ocrx_word' id='word_1_121' title='bbox 801 1191 1009 1242; x_wconf 83' lang='lat' dir='ltr'>ingressus</span> <span class='ocrx_word' id='word_1_122' title='bbox 1040 1191 1178 1230; x_wconf 87' lang='lat' dir='ltr'>urbem</span> <span class='ocrx_word' id='word_1_123' title='bbox 1211 1196 1299 1240; x_wconf 77' lang='lat' dir='ltr'>est,</span> <span class='ocrx_word' id='word_1_124' title='bbox 1330 1195 1370 1231; x_wconf 87' lang='lat' dir='ltr'>et</span> <span class='ocrx_word' id='word_1_125' title='bbox 1400 1196 1553 1231; x_wconf 82' lang='lat' dir='ltr'>sextum</span> <span class='ocrx_word' id='word_1_126' title='bbox 1584 1191 1678 1231; x_wconf 87' lang='lat' dir='ltr'>Mu-</span> 
     </span>
     <span class='ocr_line' id='line_1_15' title="bbox 144 1261 1680 1315; baseline 0.001 -13"><span class='ocrx_word' id='word_1_127' title='bbox 144 1262 384 1315; x_wconf 70' lang='lat' dir='ltr'>nychionis‚</span> <span class='ocrx_word' id='word_1_128' title='bbox 429 1273 506 1312; x_wconf 85' lang='lat' dir='ltr'>quo</span> <span class='ocrx_word' id='word_1_129' title='bbox 548 1261 613 1301; x_wconf 88' lang='lat' dir='ltr'>die</span> <span class='ocrx_word' id='word_1_130' title='bbox 645 1274 788 1301; x_wconf 76' lang='lat' dir='ltr'>navem</span> <span class='ocrx_word' id='word_1_131' title='bbox 821 1263 1061 1302; x_wconf 84' lang='lat' dir='ltr'>conscendit</span> <span class='ocrx_word' id='word_1_132' title='bbox 1105 1263 1285 1303; x_wconf 88' lang='lat' dir='ltr'>abiturus</span> <span class='ocrx_word' id='word_1_133' title='bbox 1331 1265 1371 1303; x_wconf 90' lang='lat' dir='ltr'>in</span> <span class='ocrx_word' id='word_1_134' title='bbox 1412 1263 1595 1313; x_wconf 79' lang='lat' dir='ltr'>Cretam,</span> <span class='ocrx_word' id='word_1_135' title='bbox 1640 1268 1680 1303; x_wconf 87' lang='lat' dir='ltr'>et</span> 
     </span>
     <span class='ocr_line' id='line_1_16' title="bbox 144 1331 1678 1385; baseline -0.001 -10"><span class='ocrx_word' id='word_1_136' title='bbox 144 1339 327 1376; x_wconf 85' lang='lat' dir='ltr'>octavum</span> <span class='ocrx_word' id='word_1_137' title='bbox 361 1333 426 1372; x_wconf 79' lang='lat' dir='ltr'>vel</span> <span class='ocrx_word' id='word_1_138' title='bbox 468 1333 676 1384; x_wconf 86' lang='lat' dir='ltr'>septimum</span> <span class='ocrx_word' id='word_1_139' title='bbox 708 1332 1024 1384; x_wconf 71' lang='lat' dir='ltr'>Pyanepsionis,</span> <span class='ocrx_word' id='word_1_140' title='bbox 1057 1345 1134 1385; x_wconf 92' lang='lat' dir='ltr'>quo</span> <span class='ocrx_word' id='word_1_141' title='bbox 1179 1347 1229 1373; x_wconf 82' lang='lat' dir='ltr'>ex</span> <span class='ocrx_word' id='word_1_142' title='bbox 1269 1334 1386 1373; x_wconf 86' lang='lat' dir='ltr'>Creta</span> <span class='ocrx_word' id='word_1_143' title='bbox 1423 1334 1542 1373; x_wconf 85' lang='lat' dir='ltr'>rediit</span> <span class='ocrx_word' id='word_1_144' title='bbox 1570 1331 1678 1384; x_wconf 71' lang='grc' dir='ltr'>μετὰ</span> 
     </span>
     <span class='ocr_line' id='line_1_17' title="bbox 142 1402 1676 1457; baseline 0 -12"><span class='ocrx_word' id='word_1_145' title='bbox 142 1407 227 1445; x_wconf 73' lang='grc' dir='ltr'>τῶν</span> <span class='ocrx_word' id='word_1_146' title='bbox 258 1405 435 1457; x_wconf 64' lang='grc' dir='ltr'>ἠϊθέων,</span> <span class='ocrx_word' id='word_1_147' title='bbox 476 1402 526 1442; x_wconf 90' lang='lat' dir='ltr'>de</span> <span class='ocrx_word' id='word_1_148' title='bbox 558 1403 699 1455; x_wconf 91' lang='lat' dir='ltr'>quibus</span> <span class='ocrx_word' id='word_1_149' title='bbox 737 1402 877 1442; x_wconf 85' lang='lat' dir='ltr'>diebus</span> <span class='ocrx_word' id='word_1_150' title='bbox 907 1403 1138 1444; x_wconf 71' lang='lat' dir='ltr'>Plutarchus</span> <span class='ocrx_word' id='word_1_151' title='bbox 1176 1405 1215 1444; x_wconf 89' lang='lat' dir='ltr'>in</span> <span class='ocrx_word' id='word_1_152' title='bbox 1248 1406 1405 1446; x_wconf 84' lang='lat' dir='ltr'>Theseo</span> <span class='ocrx_word' id='word_1_153' title='bbox 1445 1418 1479 1445; x_wconf 90' lang='lat' dir='ltr'>c.</span> <span class='ocrx_word' id='word_1_154' title='bbox 1515 1406 1575 1445; x_wconf 62' lang='lat'>1⁶2.</span> <span class='ocrx_word' id='word_1_155' title='bbox 1614 1407 1676 1445; x_wconf 68' lang='lat'>15.</span> 
     </span>
     <span class='ocr_line' id='line_1_18' title="bbox 145 1475 1677 1524; baseline -0.003 -6"><span class='ocrx_word' id='word_1_156' title='bbox 145 1479 211 1518; x_wconf 74' lang='lat'>92.</span> <span class='ocrx_word' id='word_1_157' title='bbox 242 1481 281 1516; x_wconf 86' lang='lat' dir='ltr'>et</span> <span class='ocrx_word' id='word_1_158' title='bbox 309 1476 378 1518; x_wconf 81' lang='lat'>36.</span> <span class='ocrx_word' id='word_1_159' title='bbox 409 1479 590 1524; x_wconf 76' lang='lat' dir='ltr'>testatur,</span> <span class='ocrx_word' id='word_1_160' title='bbox 623 1479 665 1514; x_wconf 88' lang='lat' dir='ltr'>ut</span> <span class='ocrx_word' id='word_1_161' title='bbox 696 1478 849 1514; x_wconf 87' lang='lat' dir='ltr'>taceam</span> <span class='ocrx_word' id='word_1_162' title='bbox 881 1476 1057 1514; x_wconf 89' lang='lat' dir='ltr'>instituta</span> <span class='ocrx_word' id='word_1_163' title='bbox 1090 1476 1235 1515; x_wconf 69' lang='lat' dir='ltr'>eodem</span> <span class='ocrx_word' id='word_1_164' title='bbox 1256 1476 1464 1517; x_wconf 81' lang='lat' dir='ltr'>Plutarcho</span> <span class='ocrx_word' id='word_1_165' title='bbox 1495 1481 1595 1516; x_wconf 87' lang='lat' dir='ltr'>teste</span> <span class='ocrx_word' id='word_1_166' title='bbox 1614 1475 1677 1515; x_wconf 88' lang='lat' dir='ltr'>die</span> 
     </span>
     <span class='ocr_line' id='line_1_19' title="bbox 147 1545 1678 1601; baseline -0.001 -11"><span class='ocrx_word' id='word_1_167' title='bbox 147 1549 210 1590; x_wconf 81' lang='lat'>16.</span> <span class='ocrx_word' id='word_1_168' title='bbox 240 1548 472 1589; x_wconf 87' lang='lat' dir='ltr'>Hecatomb.</span> <span class='ocrx_word' id='word_1_169' title='bbox 508 1545 745 1588; x_wconf 66' lang='lat' dir='ltr'>Mnot&#39;ma:</span> <span class='ocrx_word' id='word_1_170' title='bbox 780 1548 832 1586; x_wconf 91' lang='lat' dir='ltr'>ita</span> <span class='ocrx_word' id='word_1_171' title='bbox 878 1547 1143 1588; x_wconf 81' lang='lat' dir='ltr'>Callimachus</span> <span class='ocrx_word' id='word_1_172' title='bbox 1187 1554 1396 1601; x_wconf 90' lang='lat' dir='ltr'>acceptum</span> <span class='ocrx_word' id='word_1_173' title='bbox 1443 1550 1492 1589; x_wconf 89' lang='lat' dir='ltr'>ab</span> <span class='ocrx_word' id='word_1_174' title='bbox 1535 1549 1678 1589; x_wconf 86' lang='lat' dir='ltr'>iisdem</span> 
     </span>
     <span class='ocr_line' id='line_1_20' title="bbox 144 1620 1680 1673; baseline 0 -12"><span class='ocrx_word' id='word_1_175' title='bbox 144 1621 456 1662; x_wconf 73' lang='lat' dir='ltr'>Atheniensibus</span> <span class='ocrx_word' id='word_1_176' title='bbox 489 1620 678 1659; x_wconf 86' lang='lat' dir='ltr'>indicium</span> <span class='ocrx_word' id='word_1_177' title='bbox 709 1624 927 1672; x_wconf 85' lang='lat' dir='ltr'>sequutuS‚</span> <span class='ocrx_word' id='word_1_178' title='bbox 957 1620 1117 1659; x_wconf 84' lang='lat' dir='ltr'>aliunde</span> <span class='ocrx_word' id='word_1_179' title='bbox 1157 1633 1239 1660; x_wconf 89' lang='lat' dir='ltr'>non</span> <span class='ocrx_word' id='word_1_180' title='bbox 1269 1626 1405 1661; x_wconf 88' lang='lat' dir='ltr'>notum</span> <span class='ocrx_word' id='word_1_181' title='bbox 1443 1634 1548 1661; x_wconf 88' lang='lat' dir='ltr'>nune</span> <span class='ocrx_word' id='word_1_182' title='bbox 1588 1622 1680 1673; x_wconf 87' lang='lat' dir='ltr'>qui—</span> 
     </span>
     <span class='ocr_line' id='line_1_21' title="bbox 146 1693 1680 1747; baseline -0.001 -12"><span class='ocrx_word' id='word_1_183' title='bbox 146 1696 250 1746; x_wconf 79' lang='lat' dir='ltr'>dem,</span> <span class='ocrx_word' id='word_1_184' title='bbox 281 1694 424 1734; x_wconf 87' lang='lat' dir='ltr'>Thesei</span> <span class='ocrx_word' id='word_1_185' title='bbox 455 1698 594 1733; x_wconf 85' lang='lat' dir='ltr'>contra</span> <span class='ocrx_word' id='word_1_186' title='bbox 626 1697 779 1733; x_wconf 85' lang='lat' dir='ltr'>taurum</span> <span class='ocrx_word' id='word_1_187' title='bbox 810 1693 1100 1733; x_wconf 84' lang='lat' dir='ltr'>Marathonium</span> <span class='ocrx_word' id='word_1_188' title='bbox 1136 1695 1429 1747; x_wconf 87' lang='lat' dir='ltr'>profectionem</span> <span class='ocrx_word' id='word_1_189' title='bbox 1457 1695 1680 1734; x_wconf 87' lang='lat' dir='ltr'>Antheste-</span> 
     </span>
     <span class='ocr_line' id='line_1_22' title="bbox 144 1764 1679 1817; baseline -0.003 -9"><span class='ocrx_word' id='word_1_190' title='bbox 144 1769 249 1808; x_wconf 90' lang='lat' dir='ltr'>rioni</span> <span class='ocrx_word' id='word_1_191' title='bbox 282 1767 438 1816; x_wconf 75' lang='lat' dir='ltr'>mensi,</span> <span class='ocrx_word' id='word_1_192' title='bbox 473 1766 584 1805; x_wconf 90' lang='lat' dir='ltr'>cuius</span> <span class='ocrx_word' id='word_1_193' title='bbox 617 1765 682 1804; x_wconf 90' lang='lat' dir='ltr'>die</span> <span class='ocrx_word' id='word_1_194' title='bbox 712 1764 981 1815; x_wconf 82' lang='lat' dir='ltr'>duodecimo,</span> <span class='ocrx_word' id='word_1_195' title='bbox 1014 1776 1065 1805; x_wconf 80' lang='lat' dir='ltr'>ex</span> <span class='ocrx_word' id='word_1_196' title='bbox 1098 1766 1336 1817; x_wconf 86' lang='lat' dir='ltr'>scriptorum</span> <span class='ocrx_word' id='word_1_197' title='bbox 1364 1769 1542 1804; x_wconf 87' lang='lat' dir='ltr'>veterum</span> <span class='ocrx_word' id='word_1_198' title='bbox 1574 1765 1679 1817; x_wconf 84' lang='lat' dir='ltr'>apud</span> 
     </span>
     <span class='ocr_line' id='line_1_23' title="bbox 145 1835 1680 1879; baseline -0.003 0"><span class='ocrx_word' id='word_1_199' title='bbox 145 1840 357 1879; x_wconf 86' lang='lat' dir='ltr'>Meursium</span> <span class='ocrx_word' id='word_1_200' title='bbox 386 1837 578 1877; x_wconf 86' lang='lat' dir='ltr'>Athenar.</span> <span class='ocrx_word' id='word_1_201' title='bbox 610 1835 778 1875; x_wconf 85' lang='lat' dir='ltr'>Atticar.</span> <span class='ocrx_word' id='word_1_202' title='bbox 822 1835 888 1874; x_wconf 90' lang='lat' dir='ltr'>lib.</span> <span class='ocrx_word' id='word_1_203' title='bbox 916 1835 978 1874; x_wconf 92' lang='lat' dir='ltr'>lll.</span> <span class='ocrx_word' id='word_1_204' title='bbox 1015 1847 1050 1875; x_wconf 89' lang='lat' dir='ltr'>c.</span> <span class='ocrx_word' id='word_1_205' title='bbox 1079 1836 1119 1878; x_wconf 77' lang='lat'>4.</span> <span class='ocrx_word' id='word_1_206' title='bbox 1150 1841 1189 1876; x_wconf 86' lang='lat' dir='ltr'>et</span> <span class='ocrx_word' id='word_1_207' title='bbox 1228 1836 1471 1877; x_wconf 85' lang='lat' dir='ltr'>Boeckhium</span> <span class='ocrx_word' id='word_1_208' title='bbox 1513 1835 1562 1875; x_wconf 90' lang='lat' dir='ltr'>de</span> <span class='ocrx_word' id='word_1_209' title='bbox 1599 1836 1680 1875; x_wconf 83' lang='lat' dir='ltr'>Le·-</span> 
     </span>
     <span class='ocr_line' id='line_1_24' title="bbox 145 1906 1682 1963; baseline -0.001 -13"><span class='ocrx_word' id='word_1_210' title='bbox 145 1911 259 1950; x_wconf 87' lang='lat' dir='ltr'>naeis</span> <span class='ocrx_word' id='word_1_211' title='bbox 291 1915 367 1949; x_wconf 87' lang='lat' dir='ltr'>etc.</span> <span class='ocrx_word' id='word_1_212' title='bbox 397 1922 434 1961; x_wconf 90' lang='lat' dir='ltr'>p.</span> <span class='ocrx_word' id='word_1_213' title='bbox 467 1909 532 1949; x_wconf 82' lang='lat'>70.</span> <span class='ocrx_word' id='word_1_214' title='bbox 566 1909 822 1958; x_wconf 75' lang='lat' dir='ltr'>testimonio,</span> <span class='ocrx_word' id='word_1_215' title='bbox 853 1906 903 1948; x_wconf 79' lang='grc' dir='ltr'>τὰ</span> <span class='ocrx_word' id='word_1_216' title='bbox 937 1906 1199 1962; x_wconf 67' lang='grc' dir='ltr'><em>ἀρχαιότερα</em></span> <span class='ocrx_word' id='word_1_217' title='bbox 1221 1910 1426 1951; x_wconf 79' lang='grc' dir='ltr'><em>Διονύσια</em></span> <span class='ocrx_word' id='word_1_218' title='bbox 1460 1909 1682 1963; x_wconf 80' lang='lat' dir='ltr'>agebantur</span> 
     </span>
     <span class='ocr_line' id='line_1_25' title="bbox 145 1981 1680 2039; baseline 0 -15"><span class='ocrx_word' id='word_1_219' title='bbox 145 1985 329 2036; x_wconf 78' lang='lat' dir='ltr'>Dionyso</span> <span class='ocrx_word' id='word_1_220' title='bbox 358 1985 416 2039; x_wconf 71' lang='grc' dir='ltr'>τῷ</span> <span class='ocrx_word' id='word_1_221' title='bbox 444 1983 487 2021; x_wconf 81' lang='grc' dir='ltr'>ἐν</span> <span class='ocrx_word' id='word_1_222' title='bbox 517 1982 706 2032; x_wconf 69' lang='grc' dir='ltr'>Λίμναις</span> <span class='ocrx_word' id='word_1_223' title='bbox 724 2013 735 2031; x_wconf 88' lang='grc'>,</span> <span class='ocrx_word' id='word_1_224' title='bbox 767 1981 1071 2034; x_wconf 80' lang='lat' dir='ltr'>assignaverit?</span> <span class='ocrx_word' id='word_1_225' title='bbox 1130 1982 1360 2022; x_wconf 82' lang='lat' dir='ltr'>Callimachi</span> <span class='ocrx_word' id='word_1_226' title='bbox 1389 1983 1562 2024; x_wconf 76' lang='lat' dir='ltr'>fortasse</span> <span class='ocrx_word' id='word_1_227' title='bbox 1588 1996 1680 2023; x_wconf 90' lang='lat' dir='ltr'>me-</span> 
     </span>
     <span class='ocr_line' id='line_1_26' title="bbox 146 2046 1682 2109; baseline -0.001 -13"><span class='ocrx_word' id='word_1_228' title='bbox 146 2067 235 2096; x_wconf 76' lang='lat' dir='ltr'>mor</span> <span class='ocrx_word' id='word_1_229' title='bbox 265 2055 431 2096; x_wconf 84' lang='lat' dir='ltr'>Nonnus</span> <span class='ocrx_word' id='word_1_230' title='bbox 463 2053 619 2092; x_wconf 76' lang='lat' dir='ltr'>XXVII.</span> <span class='ocrx_word' id='word_1_231' title='bbox 653 2053 747 2094; x_wconf 72' lang='lat'>306.</span> <span class='ocrx_word' id='word_1_232' title='bbox 779 2053 816 2093; x_wconf 80' lang='grc'>7.</span> <span class='ocrx_word' id='word_1_233' title='bbox 850 2053 971 2093; x_wconf 86' lang='lat' dir='ltr'>illud:</span> <span class='ocrx_word' id='word_1_234' title='bbox 1013 2046 1064 2092; x_wconf 66' lang='grc' dir='ltr'>οὗ</span> <span class='ocrx_word' id='word_1_235' title='bbox 1105 2054 1211 2105; x_wconf 72' lang='grc' dir='ltr'>μέτα</span> <span class='ocrx_word' id='word_1_236' title='bbox 1242 2053 1291 2106; x_wconf 69' lang='grc' dir='ltr'>δὴ</span> <span class='ocrx_word' id='word_1_237' title='bbox 1325 2053 1476 2108; x_wconf 73' lang='grc' dir='ltr'><em>Φρύγα</em></span> <span class='ocrx_word' id='word_1_238' title='bbox 1511 2054 1682 2109; x_wconf 69' lang='grc' dir='ltr'><em>ῥυθμὸν</em></span> 
     </span>
     <span class='ocr_line' id='line_1_27' title="bbox 147 2124 1682 2181; baseline -0.001 -14"><span class='ocrx_word' id='word_1_239' title='bbox 147 2126 481 2181; x_wconf 72' lang='grc' dir='ltr'><em>ἅνακρούσουσιν</em></span> <span class='ocrx_word' id='word_1_240' title='bbox 510 2124 709 2177; x_wconf 67' lang='grc' dir='ltr'>Ἀθῆναι,</span> <span class='ocrx_word' id='word_1_241' title='bbox 758 2128 1049 2176; x_wconf 78' lang='grc' dir='ltr'>Λιμναῖον</span> <span class='ocrx_word' id='word_1_242' title='bbox 1084 2124 1221 2177; x_wconf 73' lang='grc' dir='ltr'><em>μετὰ</em></span> <span class='ocrx_word' id='word_1_243' title='bbox 1265 2124 1507 2178; x_wconf 77' lang='grc' dir='ltr'><em>Βάκχον,</em></span> <span class='ocrx_word' id='word_1_244' title='bbox 1538 2124 1682 2167; x_wconf 73' lang='grc' dir='ltr'><em>Ἑλευ-</em></span> 
     </span>
     <span class='ocr_line' id='line_1_28' title="bbox 146 2196 1679 2255; baseline -0.001 -15"><span class='ocrx_word' id='word_1_245' title='bbox 146 2200 268 2255; x_wconf 65' lang='grc' dir='ltr'><em>σινίῳ</em></span> <span class='ocrx_word' id='word_1_246' title='bbox 296 2196 514 2252; x_wconf 63' lang='grc' dir='ltr'>Λιονιῖσῳε</span> <span class='ocrx_word' id='word_1_247' title='bbox 562 2201 621 2246; x_wconf 87' lang='lat' dir='ltr'>et,</span> <span class='ocrx_word' id='word_1_248' title='bbox 663 2208 764 2248; x_wconf 76' lang='lat' dir='ltr'>quae</span> <span class='ocrx_word' id='word_1_249' title='bbox 797 2198 872 2236; x_wconf 90' lang='lat' dir='ltr'>iam</span> <span class='ocrx_word' id='word_1_250' title='bbox 906 2199 1056 2237; x_wconf 86' lang='lat' dir='ltr'>certior</span> <span class='ocrx_word' id='word_1_251' title='bbox 1083 2210 1150 2237; x_wconf 86' lang='lat' dir='ltr'>res</span> <span class='ocrx_word' id='word_1_252' title='bbox 1196 2203 1282 2249; x_wconf 80' lang='lat' dir='ltr'>est,</span> <span class='ocrx_word' id='word_1_253' title='bbox 1324 2199 1402 2238; x_wconf 90' lang='lat' dir='ltr'>hoc</span> <span class='ocrx_word' id='word_1_254' title='bbox 1448 2199 1487 2238; x_wconf 92' lang='lat' dir='ltr'>in</span> <span class='ocrx_word' id='word_1_255' title='bbox 1524 2199 1679 2252; x_wconf 78' lang='lat' dir='ltr'>Evang.</span> 
     </span>
     <span class='ocr_line' id='line_1_29' title="bbox 148 2264 1681 2325; baseline 0.001 -16"><span class='ocrx_word' id='word_1_256' title='bbox 148 2270 285 2310; x_wconf 82' lang='lat' dir='ltr'>loann.</span> <span class='ocrx_word' id='word_1_257' title='bbox 315 2282 351 2308; x_wconf 84' lang='lat' dir='ltr'>c.</span> <span class='ocrx_word' id='word_1_258' title='bbox 374 2269 452 2316; x_wconf 72' lang='lat' dir='ltr'>Vll,</span> <span class='ocrx_word' id='word_1_259' title='bbox 476 2269 542 2308; x_wconf 64' lang='lat'>57.</span> <span class='ocrx_word' id='word_1_260' title='bbox 573 2268 752 2320; x_wconf 82' lang='lat' dir='ltr'>Scripsit:</span> <span class='ocrx_word' id='word_1_261' title='bbox 784 2267 875 2307; x_wconf 54' lang='lat' dir='ltr'>cim:</span> <span class='ocrx_word' id='word_1_262' title='bbox 907 2264 977 2307; x_wconf 71' lang='grc' dir='ltr'>ὅτε</span> <span class='ocrx_word' id='word_1_263' title='bbox 997 2268 1187 2309; x_wconf 78' lang='grc' dir='ltr'><em>λοίσθιον</em></span> <span class='ocrx_word' id='word_1_264' title='bbox 1209 2264 1312 2323; x_wconf 67' lang='grc' dir='ltr'>ἦλθε</span> <span class='ocrx_word' id='word_1_265' title='bbox 1340 2271 1681 2325; x_wconf 72' lang='grc' dir='ltr'><em>χοροστάὸος</em></span> 
     </span>
    </p>
   </div>
   <div class='ocr_carea' id='block_1_2' title="bbox 151 2337 506 2397">
    <p class='ocr_par' dir='ltr' id='par_1_2' title="bbox 151 2337 506 2397">
     <span class='ocr_line' id='line_1_30' title="bbox 151 2337 506 2397; baseline -0.006 -15"><span class='ocrx_word' id='word_1_266' title='bbox 151 2337 268 2397; x_wconf 67' lang='grc' dir='ltr'>ἦμαρ</span> <span class='ocrx_word' id='word_1_267' title='bbox 300 2339 350 2380; x_wconf 67' lang='grc' dir='ltr'>ἑο</span> <span class='ocrx_word' id='word_1_268' title='bbox 365 2357 385 2393; x_wconf 74' lang='lat'><strong>9</strong></span> <span class='ocrx_word' id='word_1_269' title='bbox 401 2358 422 2381; x_wconf 86' lang='grc' dir='ltr'><em>τ</em></span> <span class='ocrx_word' id='word_1_270' title='bbox 439 2342 462 2393; x_wconf 76' lang='grc' dir='ltr'><em>ἦ</em></span> <span class='ocrx_word' id='word_1_271' title='bbox 476 2357 506 2388; x_wconf 91' lang='grc' dir='ltr'>ς.</span> 
     </span>
    </p>
   </div>
   <div class='ocr_carea' id='block_1_3' title="bbox 884 2507 945 2548">
    <p class='ocr_par' dir='ltr' id='par_1_3' title="bbox 884 2507 945 2548">
     <span class='ocr_line' id='line_1_31' title="bbox 884 2507 945 2548; baseline 0 0"><span class='ocrx_word' id='word_1_272' title='bbox 884 2507 945 2548; x_wconf 85' lang='lat' dir='ltr'>lv.</span> 
     </span>
    </p>
   </div>
   <div class='ocr_carea' id='block_1_4' title="bbox 144 2632 1683 2979">
    <p class='ocr_par' dir='ltr' id='par_1_4' title="bbox 144 2632 1683 2903">
     <span class='ocr_line' id='line_1_32' title="bbox 254 2632 1679 2687; baseline 0 -13"><span class='ocrx_word' id='word_1_273' title='bbox 254 2633 404 2686; x_wconf 76' lang='grc' dir='ltr'><em>Ἑκάλη</em></span> <span class='ocrx_word' id='word_1_274' title='bbox 447 2632 623 2673; x_wconf 86' lang='lat' dir='ltr'>mulieris</span> <span class='ocrx_word' id='word_1_275' title='bbox 664 2646 842 2687; x_wconf 71' lang='lat' dir='ltr'>nomen,</span> <span class='ocrx_word' id='word_1_276' title='bbox 889 2639 929 2674; x_wconf 85' lang='lat' dir='ltr'>ct</span> <span class='ocrx_word' id='word_1_277' title='bbox 976 2639 1124 2674; x_wconf 78' lang='lat' dir='ltr'>mutato</span> <span class='ocrx_word' id='word_1_278' title='bbox 1173 2636 1369 2684; x_wconf 73' lang='lat' dir='ltr'>accentu,</span> <span class='ocrx_word' id='word_1_279' title='bbox 1417 2637 1457 2674; x_wconf 80' lang='lat' dir='ltr'>ut</span> <span class='ocrx_word' id='word_1_280' title='bbox 1505 2633 1679 2684; x_wconf 85' lang='lat' dir='ltr'>videlur‚</span> 
     </span>
     <span class='ocr_line' id='line_1_33' title="bbox 144 2703 1680 2760; baseline 0 -14"><span class='ocrx_word' id='word_1_281' title='bbox 144 2705 319 2759; x_wconf 73' lang='grc' dir='ltr'><strong><em>Ἑκαλὴ,</em></strong></span> <span class='ocrx_word' id='word_1_282' title='bbox 351 2707 474 2759; x_wconf 65' lang='lat' dir='ltr'>pagi,</span> <span class='ocrx_word' id='word_1_283' title='bbox 501 2703 664 2759; x_wconf 61' lang='grc' dir='ltr'><strong><em>ὸήμουζ</em></strong></span> <span class='ocrx_word' id='word_1_284' title='bbox 699 2709 771 2748; x_wconf 85' lang='lat' dir='ltr'>suit</span> <span class='ocrx_word' id='word_1_285' title='bbox 800 2721 821 2747; x_wconf 88' lang='lat' dir='ltr'>a</span> <span class='ocrx_word' id='word_1_286' title='bbox 853 2709 1017 2748; x_wconf 79' lang='lat' dir='ltr'>muliere</span> <span class='ocrx_word' id='word_1_287' title='bbox 1049 2708 1154 2748; x_wconf 81' lang='lat' dir='ltr'>dicti.</span> <span class='ocrx_word' id='word_1_288' title='bbox 1215 2708 1273 2748; x_wconf 90' lang='lat' dir='ltr'>De</span> <span class='ocrx_word' id='word_1_289' title='bbox 1307 2718 1383 2760; x_wconf 86' lang='lat' dir='ltr'>quo</span> <span class='ocrx_word' id='word_1_290' title='bbox 1415 2718 1520 2760; x_wconf 82' lang='lat' dir='ltr'>pago</span> <span class='ocrx_word' id='word_1_291' title='bbox 1563 2719 1680 2746; x_wconf 89' lang='lat' dir='ltr'>com-</span> 
     </span>
     <span class='ocr_line' id='line_1_34' title="bbox 149 2778 1683 2830; baseline 0.001 -12"><span class='ocrx_word' id='word_1_292' title='bbox 149 2779 270 2818; x_wconf 84' lang='lat' dir='ltr'>mode</span> <span class='ocrx_word' id='word_1_293' title='bbox 291 2779 355 2817; x_wconf 85' lang='lat' dir='ltr'>hic</span> <span class='ocrx_word' id='word_1_294' title='bbox 388 2779 667 2830; x_wconf 70' lang='lat' dir='ltr'>explicabitur,</span> <span class='ocrx_word' id='word_1_295' title='bbox 699 2779 764 2818; x_wconf 86' lang='lat' dir='ltr'>ubi</span> <span class='ocrx_word' id='word_1_296' title='bbox 798 2779 1047 2818; x_wconf 79' lang='lat' dir='ltr'>definiendus</span> <span class='ocrx_word' id='word_1_297' title='bbox 1078 2779 1190 2818; x_wconf 87' lang='lat' dir='ltr'>locus</span> <span class='ocrx_word' id='word_1_298' title='bbox 1219 2782 1293 2828; x_wconf 84' lang='lat' dir='ltr'>est,</span> <span class='ocrx_word' id='word_1_299' title='bbox 1323 2778 1364 2818; x_wconf 86' lang='lat' dir='ltr'>in</span> <span class='ocrx_word' id='word_1_300' title='bbox 1396 2789 1473 2830; x_wconf 89' lang='lat' dir='ltr'>quo</span> <span class='ocrx_word' id='word_1_301' title='bbox 1494 2778 1683 2819; x_wconf 82' lang='lat' dir='ltr'>convenit</span> 
     </span>
     <span class='ocr_line' id='line_1_35' title="bbox 152 2850 1681 2903; baseline -0.001 -13"><span class='ocrx_word' id='word_1_302' title='bbox 152 2851 386 2903; x_wconf 81' lang='lat' dir='ltr'>hospitalem</span> <span class='ocrx_word' id='word_1_303' title='bbox 418 2852 624 2890; x_wconf 78' lang='lat' dir='ltr'>mulierem</span> <span class='ocrx_word' id='word_1_304' title='bbox 654 2851 830 2891; x_wconf 82' lang='lat' dir='ltr'>Hecalen</span> <span class='ocrx_word' id='word_1_305' title='bbox 859 2851 1051 2891; x_wconf 84' lang='lat' dir='ltr'>Theseus.</span> <span class='ocrx_word' id='word_1_306' title='bbox 1111 2851 1197 2890; x_wconf 85' lang='lat' dir='ltr'>Etsi</span> <span class='ocrx_word' id='word_1_307' title='bbox 1231 2851 1309 2890; x_wconf 88' lang='lat' dir='ltr'>iam</span> <span class='ocrx_word' id='word_1_308' title='bbox 1342 2855 1420 2891; x_wconf 88' lang='lat' dir='ltr'>tum</span> <span class='ocrx_word' id='word_1_309' title='bbox 1450 2850 1614 2890; x_wconf 68' lang='lat' dir='ltr'>inclitum</span> <span class='ocrx_word' id='word_1_310' title='bbox 1647 2851 1681 2888; x_wconf 72' lang='lat' dir='ltr'>ei</span> 
     </span>
    </p>

    <p class='ocr_par' dir='ltr' id='par_1_5' title="bbox 247 2923 1414 2979">
     <span class='ocr_line' id='line_1_36' title="bbox 247 2923 1414 2979; baseline 0.001 -13"><span class='ocrx_word' id='word_1_311' title='bbox 247 2935 373 2967; x_wconf 71' lang='lat' dir='ltr'>Naelu&#39;i</span> <span class='ocrx_word' id='word_1_312' title='bbox 399 2936 520 2979; x_wconf 75' lang='lat' dir='ltr'>Opusc.</span> <span class='ocrx_word' id='word_1_313' title='bbox 550 2935 591 2967; x_wconf 88' lang='lat' dir='ltr'>H.</span> <span class='ocrx_word' id='word_1_314' title='bbox 1391 2923 1414 2962; x_wconf 82' lang='lat'>7</span> 
     </span>
    </p>
   </div>
  </div>
 </body>
</html>
