1856 3126
761 107 1064 146 —269-

148 223 455 276 IsaM.1]tca>go;·
487 221 595 272 τίνος
624 225 743 277 ἠρίον
765 227 931 266 ἵσταται
961 226 1111 272 tofi-cm
1144 223 1319 271 Quorum
1341 221 1456 272 haec,
1485 222 1558 264 καί
1575 220 1674 276 ἠρία

144 292 413 347 κεκμηώτων,
447 299 514 334 aut
542 306 592 334 ex
625 295 833 347 deperdito
867 295 1071 336 Theocriti
1104 296 1303 344 carmine,
1335 299 1401 334 aut
1431 298 1542 344 sunt,
1567 294 1676 346 quod

145 365 332 417 praefero
368 377 456 405 cum
498 366 716 417 Dorvilli0‚
756 379 779 406 e
825 368 1002 406 carmine
1040 366 1241 406 Theocriti
1271 366 1316 406 11.
1352 368 1414 407 13.
1457 369 1677 408 memoriae

147 437 243 476 vitio
284 449 364 476 non
403 438 499 476 salis
540 443 729 477 accurate
774 438 986 489 exscripta.
1060 437 1288 476 Callimachi
1329 437 1472 489 locus,
1515 441 1553 478 in
1598 452 1676 492 quo

147 509 294 548 ἕστακε
320 508 574 559 coniecerat,
604 510 723 562 idque
755 511 854 549 tueri
886 508 1060 548 adhibita
1092 509 1227 561 glossa
1262 509 1472 562 Hesychii,
1499 508 1674 551 ἕστακε·

144 583 275 618 κεῖται
294 608 305 628 ,
335 581 557 620 conabatur
586 581 832 633 Sylbuigius,
863 584 1026 632 recepta
1057 579 1224 619 Bentleii
1259 583 1529 632 correctione,
1560 594 1676 635 quam

143 649 209 689 ille
240 652 350 703 prius
381 652 622 703 dubitanter,
654 652 867 694 Animadv.
897 650 949 690 ad
981 650 1131 690 Callim.
1164 650 1349 703 hymnum
1382 654 1420 692 in
1452 654 1533 694 Iov.
1555 655 1674 695 v.87.

145 726 286 773 postea
328 724 367 763 in
401 724 728 777 Fragmenlorum
770 724 1010 764 collectione
1053 724 1150 763 fecit
1194 723 1482 776 confidentius,
1518 724 1676 780 ἵστατε,

145 794 290 834 nullam
323 795 594 836 difficultatem
623 796 757 835 habet.

715 868 825 913 τίνος
859 864 981 919 ἠρίον
1013 866 1149 906 ἵστατε
1181 867 1334 917 roffio,-

143 935 288 977 Thesei
319 936 598 990 interrogatio.
657 937 738 978 Iam
762 937 840 978 hoc
869 937 1042 989 quidem,
1070 937 1178 984 τίνος
1206 937 1329 990 ἠρίον
1359 937 1499 978 ἵστατε
1529 941 1676 992 zozim,-

142 1009 305 1048 omnino
335 1013 486 1049 certum
520 1009 690 1050 videtur.
751 1010 799 1050 Ut
832 1009 927 1049 nihil
959 1010 1036 1048 nisi
1063 1009 1213 1048 erroris
1244 1011 1418 1061 speciem
1443 1022 1523 1050 non
1560 1011 1676 1051 facile

147 1080 371 1132 explicandi
401 1091 497 1132 prae
537 1091 582 1119 se
618 1081 747 1132 ferat,
781 1083 846 1133 qui
878 1081 978 1120 alter
1010 1083 1123 1120 testis
1154 1081 1325 1121 eundem
1355 1082 1485 1121 locum
1525 1080 1671 1132 laudat,

143 1153 193 1192 ab
223 1152 462 1204 Etymologo
505 1152 644 1192 mirum
690 1157 876 1205 quantum
925 1152 1170 1204 discrepans.
1240 1152 1275 1191 Is
1321 1158 1381 1192 est
1420 1153 1674 1194 Herodianus

140 1224 357 1264 Hermanni
386 1235 421 1275 p.
453 1222 548 1263 309.
607 1222 828 1274 Apparebit
855 1226 998 1271 autem,
1030 1222 1137 1273 quod
1171 1233 1249 1261 non
1273 1222 1409 1261 inutile
1438 1223 1674 1276 observatu,

139 1308 184 1336 re
214 1308 310 1336 vera
345 1300 468 1336 testes
500 1307 592 1335 esse
624 1295 718 1346 duo,
748 1295 854 1335 hunc
883 1299 922 1334 et
951 1294 1249 1347 Etymologum:
1279 1304 1373 1343 non,
1406 1299 1448 1334 ut
1476 1295 1570 1334 alibi
1600 1296 1668 1336 fa-

144 1371 248 1407 ctum
282 1371 344 1407 est
371 1367 629 1419 saepissime,
661 1379 780 1407 unum
815 1379 867 1407 ex
897 1366 1050 1416 altem,
1081 1367 1145 1406 vel
1188 1377 1239 1404 ex
1277 1365 1421 1405 eodem
1461 1371 1672 1419 utrumque

140 1440 402 1494 grammatico
438 1451 510 1479 sua
540 1439 737 1480 hausisse.
795 1439 974 1491 Namque
997 1440 1051 1478 ita
1074 1437 1361 1492 grammaticus
1392 1437 1482 1478 ille:
1512 1437 1675 1493 Ἀμαρ-

138 1509 334 1552 τάνουσιν
365 1510 405 1551 οἱ
445 1511 627 1563 λέγοντες
657 1511 728 1551 ε’πί
757 1512 838 1551 τῶν
865 1507 1014 1565 τάφων
1045 1505 1203 1564 ἡρῷον,
1242 1509 1335 1548 δέον
1362 1510 1498 1561 λέγειν
1539 1510 1674 1563 η’ρίον,

141 1581 197 1630 ὥς
225 1583 248 1624 ό
269 1583 566 1634 Καλλίμαχος,
598 1580 715 1636 παρὰ
737 1580 857 1630 τινὸς.
919 1579 1049 1634 ἠρίον.
1082 1577 1133 1620 τὰ
1164 1576 1244 1632 γὰρ
1278 1577 1448 1621 τούτων.
1539 1578 1676 1638 ἡρῷον

141 1655 187 1695 δὲ
216 1657 382 1707 λέγεται
414 1650 438 1706 ἦ
469 1655 543 1694 τοῦ
568 1649 704 1707 ἥρωος
733 1651 870 1706 εἰκών,
902 1647 930 1706 ἢ
956 1650 1002 1692 τὸ
1031 1653 1222 1703 τέμενος,
1257 1646 1313 1697 ὥς
1343 1645 1526 1700 Εὔπολις
1554 1654 1674 1702 (Ari-

141 1724 385 1777 stophanes,
416 1724 534 1776 Vesp.
566 1724 700 1774 819.),
735 1721 872 1779 ἡρῷον
906 1721 1034 1769 εἴπως
1064 1737 1136 1773 μοι
1167 1723 1364 1773 κομίσαιο
1396 1725 1472 1763 τοῦ
1500 1723 1666 1765 Λύκου.

141 1795 287 1843 Λύκος
315 1793 395 1849 γάρ
433 1790 546 1848 ἥρως
576 1796 809 1847 Ἀθηναῖος.
867 1793 1071 1833 Annolavi
1113 1793 1194 1833 hoo
1224 1795 1517 1847 testimonium,
1557 1807 1674 1847 quum

144 1867 312 1919 primum
343 1867 392 1906 de
420 1866 569 1906 Hecale
602 1866 771 1917 scripsi,
804 1864 875 1905 sed
909 1865 1111 1914 breviter3
1151 1868 1393 1916 pertractavi
1422 1867 1553 1919 paullo
1586 1873 1677 1920 post

142 1941 183 1979 in
224 1939 478 1979 Praefatione
517 1938 665 1978 Indicis
707 1936 886 1977 Scholar.
932 1935 1138 1976 Bonnens.
1186 1937 1340 1978 hibern.
1376 1939 1493 1978 1899.
1562 1940 1676 1980 Unde

144 2011 208 2051 hic
237 2023 433 2064 apponam
463 2011 642 2063 potiora,
673 2010 832 2049 omissis
866 2009 945 2060 iis,
977 2021 1080 2061 quae
1112 2010 1167 2049 ibi
1211 2009 1260 2049 ad
1296 2011 1595 2051 monstrandam
1626 2013 1675 2052 ab

146 2084 252 2123 omni
283 2088 397 2135 parte
429 2082 699 2122 difficultatem
741 2081 821 2120 loci
864 2081 1011 2132 scripta
1052 2085 1143 2120 sunt
1184 2082 1371 2121 iuvenum
1412 2084 1450 2121 in
1490 2085 1673 2135 gratiam.

145 2157 210 2197 Sic
241 2160 352 2196 recte
383 2160 443 2195 est
473 2167 495 2194 a
543 2167 606 2194 me
636 2154 853 2203 monitum,
891 2152 1148 2193 audaciorem
1189 2154 1461 2194 coniecturam
1497 2154 1610 2204 sore,
1640 2157 1675 2196 si

147 2230 235 2281 quis
267 2229 582 2280 transpositione
611 2227 803 2266 adiuvare
845 2225 975 2264 locum
1021 2225 1113 2264 velit
1150 2225 1255 2264 hunc
1296 2226 1336 2264 in
1379 2226 1565 2265 modum:
1617 2226 1674 2274 ὡς

146 2296 261 2349 παρὰ
295 2295 588 2354 Καλλιμάχρν
630 2299 740 2342 τίνος
771 2301 847 2335 etc.
911 2296 1034 2342 Quam
1068 2297 1365 2346 coniecturam,
1411 2297 1515 2348 quod
1558 2303 1673 2349 post-

146 2370 267 2409 modo
301 2369 500 2419 intellexi,
535 2380 654 2408 ausus
685 2372 746 2408 est
778 2367 914 2407 facere
943 2367 1213 2407 Blomlieldius
1246 2368 1296 2407 ad
1330 2368 1423 2408 Call.
1456 2369 1517 2408 Fr.
1547 2369 1671 2409 CCLl.

145 2441 194 2480 Et
223 2442 385 2480 omnino
419 2441 609 2490 constiti,
635 2443 674 2478 et
705 2450 802 2478 vcro
835 2439 1014 2478 consisto
1047 2439 1085 2477 in
1117 2441 1314 2479 sententia
1345 2440 1575 2490 Hemmnni,
1608 2441 1674 2492 qui

147 2512 211 2552 illa
243 2513 302 2552 sic
332 2512 540 2551 emendata
576 2524 628 2551 ex
653 2510 936 2563 Etymologico
964 2510 1014 2549 M.
1045 2514 1083 2548 et
1110 2510 1266 2563 Fragm.
1299 2511 1392 2551 Call.
1427 2512 1549 2552 CCLl.
1582 2512 1673 2552 edi-

148 2584 222 2624 dit:
256 2608 309 2615 --
342 2581 396 2631 ὥς
428 2580 447 2621 ὃ
482 2583 785 2631 Καλλᾲιαχος,

412 2650 527 2706 παρὰ
560 2653 670 2699 τίνος
703 2653 819 2704 η’ρίον
849 2651 988 2693 ἵστατε
1019 2655 1156 2692 τοῦτο,

150 2724 282 2782 ἧρῷον
315 2725 360 2765 δὲ
397 2727 558 2777 λέγεται
589 2728 669 2764 etc.
708 2729 749 2763 ut
789 2720 902 2776 παρά
935 2735 1027 2775 pars
1061 2724 1111 2763 sit
1155 2724 1365 2776 fragmenti
1406 2725 1672 2766 Callimachei.

148 2797 229 2838 Sed
257 2796 398 2851 παρά,
432 2795 563 2848 addit,
594 2820 646 2827 —
691 2795 870 2846 equidem
902 2806 982 2834 non
1018 2794 1190 2846 iaeztelliyo
1227 2806 1308 2845 qua
1349 2796 1505 2836 racione
1539 2799 1673 2837 corri-
