1856 3126
773 132 1077 171 —236—

157 251 252 293 500.
284 250 329 290 V.
366 249 430 289 78.
474 247 596 288 XXII.
634 249 724 289 150.
766 249 908 289 XXIII.
941 248 1034 290 256.
1079 247 1241 300 (XXVI.
1270 248 1364 290 209.
1408 246 1568 288 XXVII.
1601 250 1689 299 18.)

155 322 333 365 XXXIII.
362 320 451 360 184.
486 320 624 370 (XLII.
646 321 767 371 422.)
795 321 1097 363 Hemistichium
1126 321 1228 370 hoc,
1258 322 1330 361 καί
1360 317 1552 373 πισύρων
1593 320 1693 362 οἰνέ-

154 409 270 446 μων,
305 397 366 433 est
397 394 517 433 etiam
546 393 591 433 11.
624 393 716 434 273.
746 398 786 434 et
814 395 910 435 524.
983 395 1082 436 Sunt
1121 397 1161 434 et
1198 393 1264 434 alii
1308 393 1418 443 loci,
1463 392 1501 431 in
1548 393 1692 445 quibus

153 463 364 517 βλοσυρόν
393 465 589 505 coniicias
619 464 870 517 splendidum
894 477 1009 506 esse:
1041 477 1158 519 quum
1190 476 1337 505 currus
1366 464 1513 504 dicitur
1534 464 1691 515 βλοσυ-

156 535 252 589 ρός,
294 536 454 576 Cereris
482 536 544 576 VI.
581 536 670 576 113.
706 536 855 577 Bacchi
885 536 1000 577 XLII.
1038 537 1100 581 19,
1159 537 1212 577 At
1241 537 1475 589 plerumque
1519 535 1570 575 ad
1609 547 1690 575 no-

154 609 303 648 tionem
338 621 441 661 eam,
474 621 576 661 quae
599 609 811 649 manifesto
840 609 981 649 subest
1006 608 1110 661 apud
1140 609 1356 649 Homerum
1377 608 1691 660 Hesiodumque,

152 681 367 721 truculenti
395 681 650 722 revocandus
676 686 738 722 est
765 682 949 722 vocabuli
982 681 1099 723 huius
1129 694 1238 723 usus.
1299 681 1347 722 Ut
1379 693 1496 733 quum
1529 682 1688 732 βλοσυ-

154 751 255 805 ρούς
284 753 451 794 Nonnus
483 753 578 794 dicit
608 755 764 805 leones,
798 755 1029 807 pantheras,
1063 755 1238 804 TitaneS,
1270 753 1494 806 Cyclopes3
1528 754 1688 803 βλοσυ-

152 827 229 879 ρῆς
257 825 392 880 Ῥείης
420 826 447 866 I.
479 827 542 867 20.
603 825 790 880 Σφιγγὸς
831 828 1057 881 βλοσυροῖο
1097 826 1234 866 XVIII.
1260 819 1359 866 244.
1405 825 1455 866 (le
1495 825 1687 877 Gorgone

151 898 289 939 XXIV.
324 899 390 939 37.
448 897 633 952 βλοσυρῆ
673 895 775 946 θεός
805 898 985 938 Minerva
1014 899 1137 939 XXX.
1173 899 1266 939 254.
1318 894 1504 950 βλοσυρὴ
1536 892 1689 936 Πανό-

151 984 249 1009 πεια
281 970 415 1013 XLllI.
454 969 547 1011 264.
587 974 626 1009 et
654 982 726 1022 per
757 970 1061 1009 translationem
1105 981 1172 1009 res
1207 971 1305 1009 alias
1346 981 1427 1009 non
1468 969 1686 1008 animatas:

151 1043 389 1095 σπινθῆρας
416 1042 599 1093 (XXXII.
627 1041 757 1091 123),
789 1053 943 1091 manus,
973 1052 1143 1094 ungues,
1175 1042 1342 1093 γένυας,
1371 1039 1513 1093 pedes,
1544 1051 1686 1090 cornu,

151 1125 304 1165 comas,
318 1126 452 1165 aures,
469 1126 607 1154 voces.
639 1114 792 1153 Eodem
814 1114 986 1153 sortasse
1004 1125 1127 1152 sensu
1140 1113 1312 1153 Ioannes
1331 1113 1427 1153 Gaz.
1447 1124 1482 1152 v.
1498 1110 1592 1152 641.
1619 1111 1686 1161 (ΙΙ.

153 1186 270 1236 283.)
302 1183 513 1239 βλοσυρὸν
547 1186 871 1238 Φθιιοπωρίὸος
904 1180 1034 1236 ὄμμα.
1093 1186 1142 1226 Et
1174 1184 1418 1226 Callimacho
1448 1184 1487 1224 h.
1522 1184 1564 1224 in
1595 1183 1685 1224 Cer.

150 1256 220 1296 53.
252 1254 572 1309 βλοσυρώτατον
603 1250 720 1308 ὄμμα
749 1257 919 1297 leaenae
949 1257 1054 1297 haud
1086 1257 1204 1296 dubie
1238 1261 1322 1307 est,
1351 1261 1392 1297 ut
1420 1256 1475 1297 ibi
1504 1256 1686 1307 vertitur,

149 1329 427 1368 truculentum.
487 1329 618 1382 Atque
650 1330 710 1369 sic
741 1328 922 1369 adducor
953 1329 1052 1386 scre,
1080 1333 1194 1369 utne
1217 1328 1292 1368 illis
1313 1328 1471 1380 quidem
1500 1329 1541 1367 in
1570 1326 1686 1378 locis,

147 1400 417 1453 ManethoniS,
445 1402 577 1442 Nonni
607 1401 810 1453 ipsiusque
832 1400 1076 1452 Callimachi,
1110 1401 1337 1452 splendoris
1365 1400 1584 1450 notionem,
1609 1399 1683 1440 sed

147 1474 276 1527 magis
306 1474 603 1526 vehementiae,
635 1475 801 1528 eiusque
834 1475 943 1527 quod
970 1475 1150 1527 graviter
1181 1473 1361 1526 percellit
1392 1484 1561 1523 sensus,
1593 1484 1684 1512 ma-

147 1547 255 1587 xime
285 1548 444 1600 oculos,
476 1547 690 1588 tenendam
726 1552 872 1600 putem.
932 1547 1029 1586 Illud
1070 1546 1306 1598 ἀνίσχουσα
1349 1543 1481 1599 λόφον
1509 1545 1684 1596 Toupius

149 1621 296 1660 collato
329 1621 560 1661 Callimachi
579 1621 640 1661 Fr.
665 1620 1007 1661 CCCCXXXVIll.
1041 1620 1090 1659 de
1113 1631 1190 1672 quo
1219 1631 1297 1671 ego
1317 1629 1436 1670 supra
1453 1630 1490 1669 p.
1514 1617 1605 1657 178.
1622 1628 1682 1669 sq.

148 1696 188 1731 et
218 1692 433 1732 Theocrito
464 1692 603 1732 XVIII.
630 1693 697 1733 57.
728 1692 908 1733 illustrat.
969 1692 1099 1744 Magis
1132 1690 1404 1731 memorabilis
1437 1689 1556 1730 fuerit
1583 1701 1684 1742 pro-

149 1765 282 1805 ductio
316 1764 553 1817 αἰνίσχουσα
583 1768 648 1817 βλ.
677 1765 809 1818 paullo
850 1765 986 1805 durior
1015 1765 1079 1805 illa
1112 1765 1151 1804 in
1180 1765 1365 1816 longiore
1395 1763 1621 1813 vocabulo,
1649 1763 1684 1802 si

148 1838 252 1876 bene
284 1837 380 1876 novi
411 1841 536 1876 artem
569 1836 812 1876 Callimachi.
873 1836 1063 1889 Exempla
1085 1836 1231 1886 habeo,
1262 1836 1377 1875 huius
1401 1836 1558 1888 quidem
1580 1847 1683 1888 quae

149 1908 188 1948 in
221 1908 420 1948 vocabulo
453 1909 667 1962 longiore,
697 1922 845 1963 pauca,
877 1909 949 1949 sed
979 1909 1147 1949 idonea:
1192 1908 1232 1948 h.
1263 1909 1302 1948 in
1334 1908 1418 1947 Iov.
1448 1908 1509 1948 16.
1551 1907 1682 1960 Apoll.

147 1983 211 2022 51.
243 1982 355 2033 (82.)
401 1982 491 2021 Cer.
524 1982 590 2021 31.
623 1986 663 2021 et
688 1984 789 2022 θῖνα
817 1979 1109 2022 Γλαυκώπιον.
1183 1981 1276 2020 Post
1321 1979 1546 2032 dactylum,
1581 1990 1684 2032 quae

149 2053 351 2106 aliquanto
383 2054 596 2093 iucundior
627 2054 676 2093 ad
709 2066 838 2093 meum
864 2065 1052 2093 sensum:
1081 2052 1118 2092 h.
1151 2052 1236 2092 Del.
1259 2052 1352 2092 233.
1383 2052 1471 2091 Cer.
1497 2052 1587 2092 101.
1619 2052 1682 2092 Fr.

149 2125 327 2166 CXXXI.
345 2126 387 2166 4.
411 2130 448 2165 et
470 2125 632 2165 CLXVI.
683 2125 732 2165 Et
762 2130 892 2165 tuctur
920 2124 1214 2177 quodammodo
1238 2128 1415 2163 nostruin
1432 2122 1683 2176 ἀνίσχουσα,

149 2208 265 2250 quem
296 2209 442 2236 novum
483 2202 624 2237 testem
662 2198 929 2238 adhibendum
971 2197 1020 2237 ad
1067 2198 1144 2237 hoc
1176 2197 1454 2250 Fragmentum
1493 2195 1682 2244 coniicio,

147 2269 312 2310 suidas:
348 2267 571 2322 Ἀνίσχων.
619 2269 869 2311 ἀνατέλλων.
912 2269 985 2307 καί
1012 2266 1290 2320 Ἀνιῖῖχουσα,
1319 2263 1588 2318 ἀναδύουσα,
1617 2267 1683 2306 vel

148 2340 433 2382 αἰιαὸύνουσα.
468 2342 700 2394 putaverim,
730 2353 781 2380 ex
812 2340 891 2380 hoc
911 2341 998 2392 ipso
1029 2339 1120 2379 loco
1144 2339 1387 2379 Callimachi.
1446 2339 1526 2380 Sed
1547 2344 1680 2379 tamen

148 2419 188 2453 ut
217 2413 389 2454 dubitem
422 2414 572 2454 faciunt
602 2414 781 2453 Lexicon
815 2413 909 2465 Seg.
942 2413 982 2452 in
1013 2411 1168 2452 Anecd.
1200 2411 1323 2451 Bekk.
1342 2412 1370 2451 I.
1399 2425 1437 2465 p.
1459 2412 1553 2454 405.
1576 2413 1683 2466 quod

146 2485 228 2526 ’eas
260 2486 419 2539 glossas
462 2488 522 2526 sic
563 2491 782 2538 conceptas
828 2485 1014 2526 exhibet:
1062 2484 1358 2537 Ἀνισχουσαι·
1403 2485 1680 2526 ἀναδύουσαι.

145 2559 184 2600 A
209 2559 362 2611 ἴσχων·
395 2558 648 2599 ἀνατέλλων.
683 2564 723 2598 et
743 2559 983 2611 Hesychius,
1013 2558 1079 2610 qui
1099 2557 1185 2597 sic:
1214 2555 1403 2609 Ἀνίσχει
1422 2573 1430 2581 ·
1453 2555 1701 2598 ἀνατέλλει.’

148 2631 444 2682 Ἀνισχουσαν·
477 2629 762 2681 α’ναδύουσαν,
792 2629 1117 2671 ἀνατέλλουσαν.
1176 2628 1402 2680 Ἀνίσχων·
1433 2627 1680 2670 ἀνατέλλων.

149 2703 223 2750 Qui
258 2705 417 2744 retinuit
460 2705 563 2744 istud
603 2704 803 2757 vulgatum
836 2705 939 2756 apud
971 2703 1142 2742 Tzetzen
1175 2700 1423 2752 ἀνίσχουσι,
1453 2701 1676 2741 Boissona-

152 2776 264 2825 dius,
297 2787 412 2826 quum
446 2777 539 2816 nihil
571 2777 790 2829 incogitate
824 2776 959 2815 facere
992 2776 1140 2824 soleat,
1171 2774 1343 2814 fortasse
1376 2771 1522 2823 aliquid
1554 2771 1677 2823 cogi-

151 2846 258 2886 tabat
290 2847 540 2887 huiusmodi:
587 2849 742 2888 interea
773 2847 1078 2888 ascendentibus
1103 2845 1281 2885 Bessum
1321 2844 1457 2884 collem
1495 2847 1587 2882 orta
1617 2846 1679 2882 est
