1856 3126
778 138 1086 175 —179——2

152 249 308 290 Ernest.
330 263 366 302 p.
389 251 484 290 574.
521 254 556 288 et
579 249 701 301 Epist.
726 252 810 290 crit.
834 251 879 294 ΙΙ,
898 263 934 303 p.
959 251 1048 292 180.
1107 250 1315 290 Ernestius
1344 250 1445 290 male
1477 255 1514 289 et
1545 255 1685 290 eontra

151 328 324 363 mentem
357 323 580 363 Rulinkenii
612 334 684 374 pro
718 319 814 363 ὥστ’
846 323 971 363 edidit.
998 322 1067 371 ὠς.
1127 323 1281 375 Vulgo,
1323 323 1361 362 in
1395 323 1556 361 Orionis
1587 323 1688 374 Ety-

152 395 382 447 lnologieo:
411 418 466 425 ——
498 392 793 445 Καλλίμαχος·
826 392 863 434 οἱ
897 395 936 434 δ’
976 391 1071 434 ὥστ’
1113 395 1156 442 ἐξ
1197 395 1324 447 ὀχεῆς
1364 395 1541 447 σοφίσαι
1583 390 1687 440 ὅλως

149 463 297 515 αὐχέν’
331 462 537 513 α’)ἀυχήν.
597 463 671 502 Ubi
727 461 834 504 ὥστε
863 469 902 503 ct
947 462 1112 515 αὕχένα
1143 462 1336 518 ἀναύχην
1378 467 1417 505 in
1463 466 1525 505 etl.
1558 468 1687 507 Situ·Z.

147 548 185 587 p.
218 535 308 575 165.
365 534 589 573 Ruhnkenii
632 535 953 575 emendationem
986 535 1217 587 Toupianae
1262 537 1456 576 Emendd.
1497 538 1536 576 in
1578 538 1687 577 Suid.

152 606 194 646 P.
228 605 291 645 111.
322 605 410 645 Vol.
445 605 486 644 ΙΙ.
517 618 554 658 p.
588 606 681 645 953.
715 619 772 658 sq.
805 606 868 655 (T.
898 607 926 645 l.
955 618 992 658 p.
1025 604 1120 646 481.
1153 606 1280 658 Lips.)
1312 609 1430 647 etiam
1455 608 1686 647 Valckena-

148 677 233 716 rius
261 676 505 727 praetulerat
534 677 584 716 ad
612 676 782 716 Theocr.
810 676 1008 716 Adoniaz.
1038 688 1075 727 p.
1109 678 1201 716 955.
1230 679 1277 720 A.
1324 679 1425 729 etsi,
1473 684 1513 718 ut
1547 692 1684 719 verum

149 749 298 798 fatear,
331 760 410 787 non
445 750 648 801 perspicio
681 749 775 800 quid
808 748 1050 799 reprehendi
1092 748 1132 786 in
1164 750 1396 789 coniectura
1431 751 1595 802 'l'oupii,
1645 749 1683 792 οἱ

146 820 207 870 δ’,
252 815 307 865 ὥς
337 819 380 869 ἐξ
409 819 534 872 ὀχεῆς
565 813 662 873 ὄφις
692 817 833 866 αἰόλος
862 814 1007 870 αὐχέν’
1037 819 1235 872 α’νέσχεν,
1283 821 1439 861 debeat.
1496 822 1545 860 Et
1575 823 1685 862 Tou-

143 893 233 944 pius
272 893 430 944 quidem
474 892 526 930 ita
568 904 589 930 a
634 904 678 931 se
716 893 904 944 seriptum
944 892 994 931 de
1032 892 1204 931 Hercule
1248 897 1288 931 et
1328 892 1437 933 Iolao
1485 895 1524 934 in
1555 894 1684 947 hydra

146 961 355 1016 occupatis
388 964 555 1016 intelligi
587 964 762 1004 volebat.
821 963 1080 1004 Ruhnkenius
1111 976 1223 1004 suum
1266 964 1315 1004 de
1359 977 1437 1016 quo
1478 968 1566 1006 viro
1616 971 1704 1006 aut*

143 1040 325 1076 monstro
355 1037 582 1088 acceperit,
612 1048 692 1075 non
735 1036 880 1088 prodit.
939 1035 1027 1087 Ego
1059 1041 1288 1076 narrantem
1317 1036 1535 1088 Theseum,
1577 1049 1683 1090 quo-

144 1108 266 1147 modo
298 1120 320 1147 e
353 1108 462 1147 saxis
492 1108 634 1147 Sciron
669 1109 755 1147 sive
787 1108 825 1146 in
857 1108 982 1159 ipsum
1013 1107 1232 1159 Theseum,
1260 1109 1346 1148 sive
1378 1114 1470 1149 ante
1514 1111 1556 1149 in
1588 1110 1681 1148 via-

146 1185 256 1219 tores
287 1179 388 1218 alios
421 1181 669 1231 proruperit,
703 1191 897 1232 agnosco.
959 1173 1005 1226 ὃς
1038 1179 1075 1218 δ’
1101 1179 1127 1218 i.
1160 1191 1196 1219 e.
1228 1177 1248 1219 ὁ
1296 1180 1367 1231 δέ,
1400 1184 1434 1220 si
1483 1192 1562 1220 non
1603 1181 1681 1221 ob-

145 1253 250 1291 vium
282 1252 375 1291 alibi
405 1252 508 1304 apud
541 1252 847 1302 Callimachum,
881 1252 994 1291 cuius
1021 1263 1142 1291 unum
1170 1255 1318 1291 tantum
1349 1253 1571 1304 exemplum
1606 1266 1678 1293 re-

143 1323 293 1362 cordor
335 1322 491 1374 Fragm.
525 1321 835 1361 CCLXXXVllI.
886 1333 938 1361 ex
983 1333 1072 1361 mea
1118 1322 1242 1373 (Cap.
1280 1323 1376 1374 lx.)
1424 1325 1671 1375 coniectura,

143 1397 183 1433 at
227 1394 413 1432 usitatum
443 1393 552 1443 aliis,
601 1398 643 1432 ut
671 1393 885 1432 Theocrito
913 1393 1034 1433 XXV.
1068 1394 1157 1433 149.
1190 1394 1307 1433 Bioni
1337 1394 1364 1433 1.
1399 1397 1464 1436 89.
1495 1398 1561 1437 83.
1609 1399 1677 1437 85.

141 1465 345 1517 Meleagro
377 1464 422 1504 11.
456 1465 493 1504 5.
536 1477 587 1504 ex
616 1464 899 1504 emendatione
943 1466 1040 1505 satis
1079 1464 1278 1517 probabili
1311 1466 1479 1518 Graesii,
1528 1470 1592 1520 qui
1635 1468 1676 1508 id

143 1549 264 1588 saepe
295 1537 467 1577 inveniri
485 1537 524 1575 in
545 1535 790 1587 Anthologia
822 1536 1033 1586 observat3
1080 1541 1121 1577 et
1151 1538 1253 1589 apud
1268 1539 1450 1579 Nomium
1485 1538 1505 1579 ὁ
1527 1541 1675 1590 μὲν-

141 1606 187 1656 ὃς
219 1609 266 1648 δὲ
296 1609 513 1648 innumeris
542 1608 659 1657 locis,
692 1612 731 1647 et
761 1605 806 1654 ὂς
836 1608 984 1658 μὲν-
1009 1607 1029 1648 ὁ
1065 1610 1127 1649 δέ.
1186 1610 1388 1650 Annoiavi
1422 1612 1555 1651 obiter
1583 1613 1674 1651 An·-

140 1679 345 1732 tliologiae
374 1680 512 1730 locos,
542 1680 614 1720 sed
645 1680 804 1719 omissis
835 1680 907 1731 iis,
938 1681 1004 1732 qui
1037 1681 1144 1720 multi
1174 1687 1288 1733 suut,
1318 1685 1385 1722 ubi
1407 1686 1674 1724 nominativus

139 1756 225 1802 est,
254 1748 300 1799 ὃς
331 1753 400 1802 δέ,
430 1753 536 1803 quod
567 1754 740 1791 omnium
771 1752 1156 1804 frequentissimum,
1193 1759 1232 1793 et
1259 1756 1326 1794 ubi
1358 1752 1403 1803 ὃς
1426 1756 1518 1807 μέν.
1562 1750 1594 1813 ᾧ
1626 1759 1673 1798 ὸέ

135 1823 370 1864 Alexander
397 1825 516 1866 Antli.
548 1824 666 1864 Palat.
702 1824 744 1863 T.
778 1824 805 1864 l.
840 1837 875 1876 p.
905 1823 998 1864 243.
1037 1826 1129 1876 189,
1179 1827 1220 1866 5.
1280 1827 1454 1868 Alcaeus
1501 1829 1596 1868 ibid.
1630 1842 1670 1881 p.

138 1895 231 1936 244.
267 1897 354 1950 187,
389 1896 474 1936 5.6.
533 1897 736 1950 Meleager
763 1898 804 1936 Τ.
823 1896 868 1938 11.
901 1914 939 1953 p.
964 1898 1058 1937 479.
1091 1898 1156 1948 94,
1185 1898 1225 1938 3.
1256 1892 1283 1953 ᾗ
1314 1900 1351 1938 δ’
1376 1900 1528 1954 Ἀδηλ.
1558 1902 1599 1941 Τ.
1625 1902 1670 1942 ll.

133 1980 172 2020 p.
202 1968 298 2009 667.
335 1969 433 2019 135,
463 1969 500 2009 3.
535 1962 569 2024 ςῖ
604 1971 682 2021 μὲν
714 1995 767 2001 —-
796 1963 825 2025 ᾇ
856 1969 902 2009 δέ
931 1969 1079 2022 Ἀὁηὶη
1111 1970 1205 2009 ibid.
1239 1983 1273 2023 p.
1309 1971 1401 2011 706.
1433 1973 1528 2023 965,
1562 1974 1600 2014 7.
1625 1973 1664 2013 9.

133 2037 181 2080 ὃν
210 2042 247 2080 δ’
289 2041 498 2092 Antipater
527 2041 608 2082 Sid.
641 2042 682 2081 T.
709 2042 736 2082 Ι.
766 2054 803 2093 p.
824 2042 914 2082 189.
951 2043 1015 2093 14,
1036 2043 1073 2083 5.
1109 2043 1289 2083 Zosimus
1321 2056 1356 2095 p.
1382 2045 1474 2085 243.
1511 2046 1602 2097 184,
1628 2046 1666 2086 5.

132 2108 180 2152 ὃν
207 2114 285 2164 μὲν
312 2138 369 2145 -
398 2110 445 2154 ὃν
477 2114 516 2155 δ”
561 2115 733 2155 Ouestes
762 2115 803 2154 T.
832 2113 876 2154 11.
912 2127 949 2166 p.
971 2115 1060 2155 101.
1092 2115 1185 2166 999,
1220 2118 1252 2155 1.
1314 2110 1372 2156 ὧν
1403 2119 1480 2168 μέν
1500 2117 1666 2170 Argen-

118 2185 256 2224 'tarius
284 2185 326 2225 T.
354 2185 400 2225 11.
432 2199 469 2239 p.
488 2187 581 2229 986.
610 2187 674 2236 18,
693 2187 730 2226 3.
791 2179 852 2232 οἷς
878 2187 956 2238 μέν
985 2187 1246 2227 ltlaeedonius
1276 2188 1328 2227 ib.
1360 2200 1396 2240 p.
1419 2188 1514 2228 397.
1539 2190 1603 2240 97,
1623 2192 1661 2231 5.

131 2253 182 2303 ἃς
209 2258 286 2306 μὲν
311 2281 368 2291 --
400 2255 451 2305 ἃς
482 2256 528 2297 δέ
558 2257 761 2310 Meleager
788 2257 882 2296 ibid.
910 2270 946 2310 p.
968 2259 1065 2302 489.
1100 2260 1191 2311 197,
1221 2260 1259 2299 5.
1318 2260 1484 2311 Semper
1514 2262 1662 2301 condi-

129 2328 239 2367 tione
268 2328 364 2379 hac,
392 2334 434 2368 ut
463 2331 508 2369 δέ
539 2334 728 2381 sequatur
758 2334 825 2369 aut
851 2330 939 2380 μέν.
1000 2330 1122 2383 Igitur
1153 2332 1228 2370 hac
1259 2344 1417 2384 quoque
1449 2345 1500 2372 ex
1547 2339 1660 2385 parte

127 2401 284 2440 laborat
313 2400 458 2440 dudum
492 2401 568 2440 alia
599 2401 648 2449 de
680 2413 824 2440 caussa
862 2402 1109 2453 repudiatum
1141 2409 1407 2443 commentum
1452 2405 1490 2443 in
1520 2404 1655 2458 Epigr.

127 2471 277 2512 ἅδεσπ.
309 2471 431 2512 CCLI.
461 2473 531 2522 (Α.
567 2472 644 2512 Pal.
677 2472 718 2511 T.
735 2473 780 2515 ΙΙ.
809 2485 846 2525 p.
865 2472 982 2522 689.)
1019 2475 1228 2516 Brunckii:
1259 2471 1299 2522 ὃς
1331 2475 1480 2530 θύρσῳ
1510 2477 1658 2529 δεινός,

125 2539 146 2583 ὁ
177 2544 222 2582 δὲ
255 2541 438 2599 ῥοπάλῳ.
497 2543 627 2584 Semel
659 2540 704 2590 ὂς
734 2543 813 2596 γάρ
844 2546 1024 2596 repperi,
1054 2547 1223 2588 Ἀδεσπ.
1278 2550 1326 2588 A.
1356 2549 1433 2587 Pal.
1466 2548 1505 2587 T.
1542 2549 1584 2589 ΙΙ.
1618 2563 1656 2602 p.

126 2616 218 2656 918.
254 2614 349 2663 615,
379 2616 419 2655 7.
476 2615 551 2655 Hic
582 2620 644 2655 est·
674 2617 771 2656 satis
801 2621 993 2657 constans
1024 2629 1162 2658 corum
1193 2632 1288 2659 usus
1307 2650 1317 2669 ,
1352 2620 1417 2671 qui
1443 2620 1659 2673 Epigram-

122 2692 228 2728 mata
257 2688 514 2740 scripserunt.
576 2688 700 2735 Quem
734 2693 867 2728 tamen
895 2702 977 2730 non
1015 2691 1215 2730 contendo
1253 2703 1412 2742 semper
1454 2692 1654 2733 observa-

123 2764 202 2799 tum
233 2772 324 2800 esse
355 2761 404 2799 ab
437 2760 634 2800 omnibus.
693 2760 881 2800 Fortasse
913 2763 992 2801 iam
1034 2762 1183 2813 antiqui
1215 2762 1328 2802 aliter
1358 2762 1423 2802 hic
1454 2763 1546 2804 illic.
1604 2765 1654 2806 Et

120 2833 289 2872 recessit
318 2831 539 2886 Gregorius
568 2830 797 2884 Theologus
827 2832 867 2871 in
897 2831 1160 2885 Carminibus,
1207 2833 1311 2885 apud
1356 2845 1471 2885 quein
1505 2829 1549 2883 ὃς
1581 2835 1647 2876 laic
