1856 3126
180 254 373 296 audacem
395 263 456 291 me
488 252 612 291 semel
643 251 738 292 fecit
770 258 889 305 poeta
920 254 1066 295 audax.
1124 255 1239 296 ἕεστο
1269 255 1426 307 quidem
1448 254 1699 296 Homericum

182 330 266 374 est,
308 324 416 364 Iliad.
447 323 529 364 XII.
560 321 658 364 464.
709 323 760 364 cf.
797 324 909 364 Hom.
951 325 991 365 h.
1021 326 1119 366 ven.
1151 327 1216 368 86.
1264 328 1446 380 Apollon.
1479 327 1606 368 Rhod.
1637 328 1700 369 111.

184 397 302 437 1225.
370 397 501 448 Atque
533 398 780 449 assequebar
811 411 857 437 ca
893 400 1148 450 coniectura,
1188 405 1229 441 ut
1266 402 1475 442 commode
1508 406 1704 443 annecte-

185 474 292 510 retur
318 470 474 523 Fragm.
504 470 655 510 Callim.
689 470 857 510 CXLIX.

448 535 598 582 ἄλλικα
627 544 873 598 χρυσειζησιν
901 544 1146 598 ἐεργομένην
1176 545 1387 602 ἑιέτῇσινκ

182 614 261 654 hoo
297 611 460 653 ordine:
503 614 663 656 indutus
696 622 781 656 erat
822 616 1058 669 chlamyde,
1102 621 1140 656 et
1172 618 1243 657 sub
1284 631 1330 658 ea
1359 620 1516 674 σταδίῳ
1543 620 1704 671 χιτῶνι.

186 689 298 736 Quae
331 689 562 730 coniectura
592 702 643 729 ne
677 694 754 730 tum
790 691 947 743 quidem
987 691 1131 743 cadet,
1164 704 1280 743 quum
1307 704 1472 744 prorsus
1514 693 1705 732 reiectum

186 761 305 802 suerit
333 759 525 815 ὑφὲεστο.
584 762 633 802 Et
659 767 737 803 tum
765 768 891 804 utrum
920 764 997 804 hoc
1031 764 1138 816 prius
1168 763 1305 813 fuisse,
1338 765 1511 806 στάδιον
1540 765 1577 805 δ’
1608 764 1707 806 ἐπί-

187 848 280 876 εστο
306 835 487 886 χιτῶνα,
522 846 570 873 an
602 834 763 875 alterum
784 867 793 885 ,
828 830 978 876 ἄλλικα
1010 841 1085 877 etc.
1120 837 1258 885 malls,
1298 836 1478 876 liberum.
1543 836 1707 877 Licebat

190 908 294 947 enim
325 908 363 947 in
398 908 462 948 tali
501 907 800 959 descriptione,
845 922 946 961 quae
988 910 1063 949 iam
1103 910 1280 949 indutum
1323 910 1488 950 sistebat
1527 909 1707 959 heroem,

190 994 300 1031 non,
328 986 370 1021 ut
403 981 597 1021 Homerus
630 982 752 1022 solet.
795 982 1021 1022 induentem
1052 983 1206 1034 singula
1240 994 1312 1022 suo
1344 982 1506 1030 ordine,
1538 995 1559 1022 a
1593 982 1708 1022 chla-

190 1053 308 1105 myde
336 1053 507 1092 transire
536 1053 583 1092 acl
619 1055 812 1092 tunicam:
846 1054 991 1092 licebat
1028 1055 1228 1093 contrario
1262 1053 1382 1093 modo
1416 1067 1437 1093 a
1482 1056 1613 1095 tunica
1657 1055 1707 1094 ad

193 1124 453 1177 chlamydem.
512 1123 656 1162 Verum
694 1123 742 1161 de
784 1125 929 1174 χιτῶνι
971 1126 1129 1180 σταδίῳ
1173 1129 1280 1163 certa
1322 1136 1389 1163 res
1430 1128 1520 1173 est,
1560 1119 1708 1166 ἄλλικα

193 1207 307 1250 quam
337 1207 433 1237 vere
464 1194 679 1234 inferamus
714 1195 753 1235 in
787 1195 977 1245 Ilecalen,
1007 1196 1214 1235 incertum.
1271 1196 1358 1236 Non
1391 1208 1536 1236 vereor
1563 1200 1708 1247 autem,

193 1281 243 1308 ne
273 1270 359 1321 quis
389 1268 549 1308 nimium
581 1269 659 1308 hoc
690 1270 856 1309 vestitus
889 1269 1021 1318 dicat,
1055 1269 1302 1322 chlamydem
1335 1271 1492 1310 tunicae
1522 1269 1707 1310 additam.

192 1340 365 1393 Peregre
396 1340 725 1392 proficiscebatur
755 1341 945 1381 Theseus.
1003 1342 1048 1382 Et
1084 1342 1187 1382 haud
1218 1343 1337 1382 dubie
1368 1343 1514 1395 placuit
1551 1343 1626 1383 sibi
1669 1344 1709 1383 in

195 1414 427 1454 exornando
460 1413 616 1453 Theseo
648 1413 921 1453 Callimachus.
981 1414 1126 1454 Suidae
1150 1416 1374 1454 testimonia
1407 1415 1444 1454 in
1475 1428 1512 1454 ν.
1530 1407 1709 1455 ”Ammon

196 1490 231 1524 et
263 1486 441 1540 Έιετῇσι
472 1487 618 1537 primus
649 1487 771 1526 attulit
802 1485 1056 1525 Ruhnhenius
1087 1487 1207 1538 Epist.
1228 1488 1312 1527 crit.
1334 1487 1379 1526 lt.
1399 1499 1435 1539 p.
1461 1487 1548 1527 177.
1578 1487 1710 1537 Addo,

195 1554 305 1594 cuius
340 1555 523 1610 Ἀλλῆκα
564 1558 660 1598 nihil
704 1559 862 1599 videtur
901 1560 1005 1599 aliud
1051 1573 1165 1612 quam
1213 1561 1517 1600 Callimaeheum
1561 1556 1711 1601 ἄλλικα

195 1639 315 1677 esse,
343 1629 610 1683 Hesychium3
640 1637 678 1672 at
706 1634 831 1685 ipsum
860 1633 1030 1674 Ἀλλίκα
1057 1638 1354 1685 repraesentat,
1389 1638 1430 1673 ut
1460 1632 1710 1673 commodum

195 1701 328 1749 video,
359 1715 409 1742 ex
439 1703 639 1756 Hesychio
671 1704 749 1744 MS.
782 1705 1005 1745 Schowius.
1063 1706 1224 1758 Integer
1250 1718 1390 1746 versus
1418 1704 1645 1745 Callimachi
1673 1706 1712 1744 in

194 1775 290 1815 Lex.
318 1777 396 1817 MS.
431 1778 557 1831 Regio
588 1782 696 1825 erat,
729 1779 833 1830 quod
865 1779 916 1818 ibi
960 1779 1093 1819 laudat
1125 1780 1338 1820 Albertius.
1409 1778 1466 1819 Cf.
1499 1777 1711 1830 Spanhem,

196 1848 313 1888 Obss.
343 1850 380 1889 in
412 1850 639 1892 Callimachi
671 1851 707 1891 h.
737 1851 865 1904 Apoll.
898 1850 964 1891 39.
995 1856 1033 1890 et.
1066 1847 1184 1901 ὄλλιξ
1215 1852 1480 1904 Euphorionis
1513 1851 1572 1891 Fr.
1595 1850 1712 1891 CXII.

194 1935 230 1974 p.
252 1922 341 1963 165.
372 1923 544 1965 Meinek.
601 1925 796 1966 Homerus
819 1925 974 1965 ll.XlV.
1003 1926 1087 1966 180.
1123 1928 1394 1981 χρυσείῃς
1428 1925 1465 1964 δ’
1492 1924 1710 1978 ἐνετῇσι

194 1994 298 2036 κατὰ
326 1998 483 2049 στῆθος
513 2000 732 2048 περονᾶτο.
790 1998 1026 2038 Instructum
1063 2001 1269 2054 πανοπλίᾳ
1288 2029 1297 2046 ,
1327 1998 1466 2051 galea,
1499 2001 1611 2036 scuto
1632 2000 1709 2035 etc.

192 2072 332 2108 contra
364 2073 517 2109 taurum
549 2069 836 2110 Marathonium
866 2071 1085 2124 profectum
1118 2082 1208 2111 esse
1239 2070 1433 2110 Theseum
1469 2080 1586 2108 nemo
1616 2079 1711 2107 cre-

195 2138 282 2189 det,
310 2141 374 2192 qui
404 2141 454 2181 ad
482 2141 721 2182 domandum
748 2147 923 2193 taurum,
954 2155 1045 2183 nam
1088 2142 1307 2183 domandus
1337 2146 1443 2191 erat,
1484 2152 1564 2180 non
1594 2139 1711 2179 occi-

194 2211 361 2263 dendus,
395 2215 576 2267 corporis
599 2216 772 2267 agilitate
793 2218 934 2268 magis,
965 2229 1012 2257 ac
1043 2218 1189 2257 robore
1218 2228 1414 2264 manuum,
1442 2226 1556 2266 quam
1578 2213 1710 2261 armis,

193 2297 292 2338 opus
321 2299 412 2326 esse
445 2288 697 2339 reputaverit.
770 2288 838 2327 Vel
873 2290 930 2328 sic
960 2293 1090 2328 tamen
1124 2293 1349 2341 apparatum
1383 2286 1707 2339 qualemcumque

191 2358 355 2406 Thesei,
385 2358 630 2410 chlamydem
660 2361 830 2400 maxime
860 2361 1138 2413 gladiumque,
1168 2357 1404 2412 naooayt'tyv
1438 2359 1574 2398 dicere
1601 2358 1709 2398 The-

192 2430 251 2470 sei
284 2429 547 2470 Callimachus
579 2433 725 2483 poluit,
758 2444 803 2472 ac
836 2433 1006 2473 fortasse
1036 2433 1157 2482 dixit,
1191 2432 1264 2472 etsi
1295 2431 1445 2471 lubrica
1477 2431 1706 2471 coniectura

192 2506 267 2547 est,
295 2503 334 2542 in
354 2501 516 2552 Hecale,
548 2503 626 2544 alio
648 2505 817 2557 quodam
839 2505 943 2555 loco,
975 2517 1089 2558 quem
1110 2509 1249 2557 postea
1272 2504 1505 2544 videbimus.
1535 2502 1707 2543 Omnino

194 2584 401 2614 commune
431 2575 588 2617 Theseo
622 2588 708 2617 cum
740 2577 909 2617 Hercule
942 2578 1091 2628 fuisse,
1122 2583 1163 2617 ut
1190 2578 1420 2630 plerumque
1449 2576 1567 2616 armis
1594 2585 1706 2614 usum

195 2652 285 2679 esse
315 2653 395 2682 non
423 2643 497 2696 iiS,
527 2647 667 2699 quibus
695 2648 815 2700 vulgo
849 2648 1015 2699 heroes,
1045 2648 1292 2697 traderetur,
1324 2650 1399 2687 iam
1430 2648 1618 2687 monitum
1646 2649 1707 2685 est

196 2711 242 2750 ab
275 2711 373 2756 aliis,
433 2716 533 2758 Nota
563 2723 625 2758 est
655 2719 767 2759 clava
800 2719 966 2768 Thesei,
997 2733 1016 2760 a
1050 2733 1122 2772 qua
1143 2752 1154 2763 .
1186 2725 1222 2759 nl
1252 2732 1369 2759 unum
1399 2729 1705 2758 commemorem

196 2780 244 2819 de
274 2780 402 2821 minus
432 2786 533 2825 notis
565 2789 851 2841 scriptoribus,
893 2786 1177 2844 κορυνηφόρος
1221 2787 1346 2835 α’στὸς
1373 2787 1551 2842 Ἀθήνης
1596 2790 1705 2830 audit

197 2852 336 2893 Nonne
361 2854 508 2895 XLVll.
533 2857 623 2897 426.
684 2861 796 2911 Apud
827 2860 1103 2900 Callimachum
1136 2871 1212 2898 non
1241 2858 1390 2898 clavam
1421 2860 1600 2912 gerebat,
1631 2859 1702 2900 sed
