1856 3126
799 137 1106 175 -178—

186 258 398 298 littoralem
423 256 589 307 inclusa,
622 255 671 294 ad
699 266 813 306 quam
832 252 974 293 Sciron
1007 255 1046 292 et
1074 254 1213 303 petrae
1243 251 1442 302 pertinent
1462 248 1718 299 Scironides,

187 328 408 381 Megaride.
465 327 554 367 Non
587 326 740 375 obstat,
759 323 883 376 quod
914 323 1119 375 Ἀκταίην
1149 321 1377 374 Etymologi
1408 325 1448 360 et
1485 320 1717 362 Eustatltius

186 395 383 452 Ἀττικήν
428 399 748 449 interpretantur.
808 395 894 435 Fuit
938 405 1055 445 cuium
1101 394 1154 432 ita
1196 393 1474 433 scribendum:
1518 394 1719 445 Ἀκταίην

185 472 247 517 τίς
282 467 442 518 ἔναιεν,
475 468 767 517 coniiciebam,
797 465 865 517 qui
895 463 1111 504 habitabat.
1170 462 1230 512 τίς
1261 477 1348 504 cum
1371 469 1562 514 accentu,
1595 469 1636 503 ut
1665 465 1718 504 sit

186 542 290 581 idem
312 541 417 593 quod
440 537 578 590 ὅστις,
608 540 703 578 satis
733 542 867 578 notum
895 549 916 576 e
935 535 1197 576 Callimacho:
1229 533 1330 575 οὐδὲ
1346 533 1532 591 κελεύθῳ
1562 535 1716 586 χαίρω,

187 615 250 660 τίς
280 610 454 659 πολλοὺς
486 605 568 651 ὦδε
598 609 671 650 καί
699 603 782 650 ὧδε
815 611 950 663 φέρει,
979 608 1228 658 exNosside,
1249 608 1349 647 aliis.
1367 607 1542 647 Cf.nunc
1558 606 1716 649 lacobS.

185 687 223 725 in
256 684 512 725 Antti.Palat;.
544 683 632 723 Not.
657 682 742 721 crit.
772 693 809 732 p.
839 681 905 720 88.
940 678 1033 720 740.
1092 679 1167 719 Pro
1199 679 1366 731 simplici
1400 673 1468 730 ὃς,
1495 683 1538 718 ut
1564 679 1605 718 in
1639 677 1716 719 hac

186 758 386 797 dictione:
428 754 597 805 Sciron7
640 752 708 804 qut
742 751 961 801 habitabat,
1009 763 1157 801 rarum⁷
1205 763 1256 791 ne
1302 751 1430 790 dicam
1473 755 1714 803 suspectum.

182 830 360 871 Affertur
395 826 543 868 Gallim.
588 826 742 878 Fragm.
785 822 1000 863 CCLXXII.
1054 820 1174 872 ὑηείρ
1221 818 1303 862 ἅλα
1358 826 1487 870 κεῖνος
1530 820 1714 876 ἐπιάσθη,

178 898 408 943 Atinii-9001)
439 900 503 945 τίς
532 892 720 944 ἄπυστος
747 921 813 933 -.
870 895 1009 934 Melius
1047 896 1181 946 utiquc
1226 893 1302 933 hoc
1354 895 1393 933 in
1438 893 1554 944 loco,
1603 906 1720 946 quem

182 986 290 1014 nunc
323 976 559 1017 tractamus,
590 983 652 1015 τις
687 968 773 1006 sine
805 970 988 1004 accentu.
1047 964 1095 1003 Et
1126 966 1287 1004 omnino
1318 977 1369 1004 ne
1402 965 1527 1005 altera
1561 965 1720 1017 quidem

181 1047 365 1086 libertate
414 1043 478 1083 illa
525 1038 763 1080 abutendum
809 1041 884 1076 est.
944 1035 1059 1083 Quod
1104 1036 1249 1075 sactum
1290 1047 1313 1075 a
1343 1035 1545 1076 Brunckio
1578 1041 1619 1077 et
1648 1037 1718 1078 Th.

182 1117 399 1170 Bur-gessio
432 1115 470 1153 in
504 1111 653 1152 Gallim.
681 1109 719 1148 h.
752 1108 838 1148 lov.
869 1107 937 1147 93.
967 1107 1033 1146 ubi
1062 1107 1156 1147 mihi
1189 1106 1348 1159 quidem
1378 1108 1719 1160 interrogationes

179 1187 474 1230 accumulatae:
515 1180 588 1224 τεά
621 1172 657 1221 ὸ’
697 1178 881 1230 §Quam
925 1179 989 1225 τίς
1032 1192 1098 1217 κεν
1139 1176 1300 1229 ἀείδοις
1347 1177 1401 1219 ου’
1457 1179 1598 1231 γένετ’,
1642 1180 1719 1220 οιῖκ

179 1256 311 1297 ἔσται’
342 1259 401 1302 τίς
430 1268 497 1292 κεν
526 1251 629 1297 Διὸς
669 1249 841 1302 ἔργματ’
869 1248 1025 1300 αἐίσεις
1085 1249 1118 1289 si
1160 1249 1319 1301 placere
1360 1249 1563 1299 dicerem,
1606 1264 1719 1292 men-

179 1330 287 1377 tii-cr,
321 1332 356 1367 at
378 1324 579 1366 anhelanti
602 1322 813 1371 alacritati,
844 1332 960 1373 quam
989 1320 1149 1359 affectat
1177 1319 1241 1360 hic
1270 1320 1349 1360 illic
1378 1322 1416 1361 in
1435 1321 1599 1374 Hymnis
1619 1324 1715 1365 Cal-

177 1401 385 1450 limachus,
419 1401 508 1437 sunt
539 1393 994 1435 accommodatissimac.
1025 1393 1172 1434 Similis
1194 1393 1524 1443 interrogationis
1556 1396 1715 1448 cupidi-

177 1477 237 1512 tas
268 1471 444 1511 cernitur
486 1467 526 1506 in
556 1464 729 1505 Oraculo
758 1464 921 1503 Milesiis
949 1462 1064 1514 dato,
1108 1464 1211 1515 apud
1241 1465 1467 1518 Diogenem
1508 1467 1639 1508 Laert.
1681 1468 1712 1510 Ι,

180 1544 244 1583 28.
267 1537 444 1592 ’Έκγονε
477 1532 694 1588 ΙΙΙιλητου,
722 1534 917 1589 τρίποδος
949 1536 1044 1584 πέρι
1075 1536 1232 1585 Φοῖβον
1261 1536 1445 1593 ἑρωτᾷς;
1489 1541 1553 1588 τίς
1583 1542 1712 1596 σοφίῃ

177 1610 346 1654 πάντων
376 1611 562 1661 πρῶτος,·
592 1608 741 1646 τούτου
770 1607 929 1658 τρίποδ’
961 1605 1092 1645 αὐδῶ.
1135 1607 1241 1658 quod
1290 1622 1417 1662 paene
1458 1611 1712 1664 praetulerim

177 1690 256 1725 tam
298 1683 464 1723 aliorum
506 1682 727 1731 scripturae
775 1683 979 1718 auctorum
1026 1683 1224 1719 veterum:
1286 1678 1331 1728 ὂς
1377 1684 1505 1738 σοφίῃ
1545 1682 1714 1724 πάντων

179 1756 366 1808 πρῶτος,
415 1765 531 1804 quam
582 1750 884 1791 lliibnerianae:
928 1749 989 1798 τίς
1035 1747 1163 1806 σοφίῃ
1214 1775 1279 1791 -.
1341 1753 1390 1792 Et
1418 1754 1638 1806 Gregorius
1671 1757 1711 1796 in

181 1829 310 1867 Carm.
342 1824 474 1864 LXlll.
508 1826 600 1865 ῐ275.
632 1823 786 1863 maluit:
830 1824 890 1871 τίς
919 1823 1084 1875 πρῶτος
1111 1824 1285 1876 χροιήσε
1313 1828 1418 1866 θεοῦ
1447 1823 1625 1877 ulianam
1656 1827 1715 1878 ὠς

181 1897 379 1939 αἠόλοιτο
431 1898 596 1948 πρῶτος
651 1894 868 1948 α’ναιδειήν
907 1892 1130 1946 χρώμασιν
1175 1895 1431 1948 ἐγκεράσαςε
1481 1910 1597 1950 quam
1651 1901 1715 1948 rig

182 1976 349 2028 πρῶτος
386 1999 440 2005 —
481 1969 657 2022 πλάσιν,
704 1970 791 2008 sinc
834 1967 1165 2018 interrogatione.
1222 1967 1416 2021 Ἀκταίην
1471 1985 1533 2018 τις
1577 1968 1715 2011 ἔναιεν

184 2049 222 2087 in
252 2051 423 2086 mentem
455 2050 624 2084 revocat
654 2053 772 2093 supra
802 2040 896 2091 Cap.
927 2038 989 2081 lV.
1019 2050 1057 2090 p.
1093 2039 1185 2078 100.
1220 2039 1393 2080 indicata
1424 2042 1532 2082 initia
1563 2043 1716 2082 Home-

186 2120 284 2158 rica.
346 2117 461 2165 Quod
492 2117 606 2156 deest
636 2113 685 2154 ad
714 2124 888 2162 versum,
919 2112 1160 2163 quaerebam
1203 2123 1251 2150 an
1292 2111 1447 2153 adscito
1473 2113 1713 2167 Fraginento

189 2190 493 2232 CCCCXXXIV.
524 2185 778 2239 supplendum
815 2188 946 2234 esset,
986 2184 1060 2223 ita:

375 2259 580 2313 Ἀκταίην
607 2274 669 2306 τις
702 2255 864 2308 ἔναιεν,
897 2255 946 2296 ἵν’
966 2252 1116 2307 ἔλλερα
1149 2253 1281 2295 πολλὰ
1315 2257 1515 2297 τέλεσκεν.

186 2337 332 2377 Verum
367 2335 401 2374 si
433 2334 534 2383 hoc,
570 2343 650 2371 non
682 2330 808 2381 ipsum
838 2329 989 2368 initium
1022 2333 1152 2380 putem
1182 2328 1425 2367 narrationis
1469 2327 1518 2367 de
1549 2327 1716 2369 Scirone

187 2419 292 2458 esse,
323 2407 393 2446 sed
415 2405 690 2458 praecessisse
709 2402 786 2440 tale
816 2400 1015 2452 quoddam
1035 2399 1287 2450 vocabulum,
1317 2400 1432 2451 quale
1461 2404 1523 2440 est
1552 2397 1719 2456 λῃστής,

188 2476 397 2533 ὑβριστής.
425 2478 529 2517 latro
562 2475 722 2527 quidam
750 2472 944 2512 Actaeam
966 2471 1195 2521 habitabat,
1225 2471 1294 2510 ubi
1341 2476 1418 2512 etc.
1473 2472 1585 2514 Nunc
1627 2471 1718 2511 talis

191 2552 275 2589 t'cre
300 2548 549 2589 confirmatio
577 2547 657 2586 loci
687 2546 943 2585 obversatur:
969 2543 1178 2598 Ἀκταιήν
1204 2559 1265 2591 τις
1294 2541 1431 2585 ἔναιεν
1460 2540 1718 2591 ἀτάσθαλος,

190 2618 474 2672 αἰσυλοεργός.
558 2619 658 2658 Dico
692 2616 1073 2657 conformationem:
1104 2615 1229 2655 verba
1259 2627 1339 2655 non
1371 2620 1546 2667 praesto.
1633 2614 1718 2654 De-

189 2691 282 2731 inde
316 2692 594 2743 Fragmentum
625 2694 685 2729 est
719 2701 740 2728 a
774 2688 1009 2728 Rulinkenio
1040 2687 1277 2739 publicatum
1315 2683 1655 2728 CCCCXXXVIII.

371 2759 414 2809 ὃς
446 2762 485 2802 δ’
512 2758 609 2803 ὥστ’
639 2763 681 2811 ἐξ
709 2760 829 2813 ὀχεῆς
860 2756 957 2814 ὄφις
989 2760 1129 2807 αἰόλος
1162 2760 1304 2810 αὐχέν’
1334 2758 1543 2809 α’νασχών.

190 2834 401 2885 ingeniosa
436 2834 660 2873 emendatio
693 2832 916 2873 Rulinkenii
948 2833 987 2872 in
1017 2832 1156 2885 Epistt.
1185 2832 1311 2871 Titini.
1339 2830 1458 2882 p.35.
1491 2828 1529 2868 in
1563 2827 1716 2870 Canini.
