1820 3141
755 139 1028 175 ...26-

130 252 249 294 futuri
279 254 393 292 crant
433 248 551 289 iambi
592 247 727 303 6810,
767 254 802 293 si
845 258 922 293 tam
966 255 1074 307 μέγα
1117 255 1277 307 ποίημα
1315 254 1456 295 suisset
1496 256 1656 297 Hecale.

129 325 298 373 Utinam,
328 334 446 375 quum
478 319 582 360 nulla
613 333 706 374 spes
741 324 803 375 sit,
830 329 1030 377 repertum
1061 326 1109 365 iri
1137 337 1310 378 unquam
1341 338 1502 367 carmen
1535 328 1658 369 Calli-

130 395 262 437 machi
293 395 439 446 ipsum,
469 392 730 445 metaphrasis
763 396 902 436 saltem
933 397 1128 446 Mariani,
1172 409 1274 448 quae
1313 410 1404 450 spes
1446 411 1540 439 csse
1573 411 1656 440 non

123 467 240 507 nimis
269 464 507 505 immodesta
536 464 704 517 videtur,
734 478 785 506 ex
811 468 975 519 pulvere
1003 468 1335 509 bibliothecarum
1364 474 1538 510 eruatur.

236 538 459 589 Scripserat
488 536 537 576 de
569 537 740 590 Hecale,
773 539 917 590 docta,
946 544 987 580 ut
1017 539 1188 580 credere
1218 552 1290 592 par
1320 545 1410 592 cst,
1441 545 1481 580 et
1509 541 1652 593 partim

128 609 239 650 haud
271 609 391 649 dubie
432 623 454 650 0
487 610 753 662 Callimacho,
790 612 1040 652 Ptolemaeus
1068 611 1377 663 Hephaestionis
1414 612 1481 652 lib.
1508 611 1571 651 111.
1603 611 1654 651 dc

127 692 206 734 quo
237 680 415 721 Photium
445 694 482 734 p.
508 683 597 722 145.
629 694 664 722 a.
686 683 750 724 20.
785 684 848 724 cd.
877 682 1048 723 Bekker.
1078 683 1180 723 haec
1212 687 1363 724 tantum
1389 684 1650 724 annotavisse

123 753 367 806 paucissima
394 753 592 794 dolemus:
628 752 934 808 περίἛκιέλης,
967 756 1038 794 καί
1057 753 1208 803 πόσαις
1239 754 1402 808 γέγονεν
1429 752 1650 805 ἐπώνυμον

124 817 328 876 τοῦνομα.

236 969 286 1009 Ut
317 980 424 1008 nunc
455 972 538 1019 est,
575 969 827 1020 experiemur
860 968 954 1021 quid
993 968 1097 1008 eslici
1142 980 1192 1008 ex
1236 968 1472 1020 fragmentis
1511 967 1651 1020 possit.

122 1042 363 1094 Fragmenta
395 1044 524 1080 autem
559 1041 650 1080 dieo
682 1053 765 1081 non
797 1042 925 1082 solum
955 1053 1017 1092 ea,
1049 1052 1151 1092 quae
1184 1040 1319 1080 addito
1352 1041 1540 1080 carminis
1571 1051 1652 1080 no-

121 1113 232 1153 1111110
273 1111 485 1152 laudantur
524 1124 547 1151 a
592 1113 883 1164 scriptoribus,
925 1113 1195 1165 grammaticis
1236 1112 1430 1162 maxime,
1469 1112 1654 1164 antiquis,

123 1197 226 1238 quae
259 1183 420 1237 quidem
439 1183 535 1223 satis
558 1182 677 1222 multa
699 1187 805 1234 sunt,
838 1182 911 1223 sed
935 1184 1052 1222 etiam
1075 1182 1140 1222 illa
1162 1182 1392 1222 Callimachi
1414 1182 1652 1236 fragmenta,

127 1270 231 1310 quae
260 1261 413 1309 sumpta
453 1267 503 1295 cx
532 1255 682 1295 Hecale
726 1267 818 1296 0550
862 1256 1060 1295 sententia
1099 1259 1452 1308 argumentumque
1497 1254 1651 1305 suadet,

125 1330 283 1370 etiamst
314 1328 525 1368 laudantur
552 1329 639 1366 sine
670 1327 832 1367 nomine
865 1327 1079 1368 carminis:
1108 1337 1185 1377 qua
1216 1325 1255 1364 in
1284 1337 1329 1365 re
1353 1324 1650 1365 recordandum

123 1408 198 1454 est,
230 1402 280 1443 (10
304 1413 382 1454 quo
412 1412 530 1452 supra
559 1399 746 1455 breviter⁷
780 1399 896 1440 valde
923 1411 1056 1439 caram
1088 1402 1300 1449 notamque
1329 1396 1422 1436 olim
1442 1407 1649 1449 gramma-

121 1475 211 1513 ticis
243 1473 365 1513 fuisse
397 1473 574 1512 Hecalen
599 1472 843 1512 Callimachi.
904 1473 1007 1520 Quin
1038 1473 1155 1511 etiam
1185 1470 1349 1509 ulterius
1370 1469 1579 1522 progredi,
1608 1474 1649 1509 et

115 1546 375 1598 fragmenta,
420 1558 520 1598 quae
561 1546 647 1585 51110
690 1550 835 1598 poetae
877 1546 1040 1585 nomine
1081 1543 1323 1593 afferuntur,
1367 1546 1410 1581 ut
1448 1553 1471 1580 a
1511 1540 1647 1592 Suida,

120 1619 242 1658 modo
276 1617 489 1657 dictionem
527 1618 701 1658 habeant
732 1617 1063 1668 Callimacheam,
1102 1621 1140 1656 et
1171 1621 1259 1667 apta
1289 1618 1523 1667 argumento
1556 1614 1648 1664 sint,

122 1691 174 1731 ad
205 1689 486 1730 Callimachum
523 1690 678 1729 rel'crre
718 1690 973 1741 Hecalenque
1015 1689 1164 1729 licebit.
1225 1687 1469 1738 Quamquam
1501 1697 1549 1726 ea
1577 1696 1645 1725 res

122 1766 310 1815 quantum
340 1762 597 1802 dubitationis
629 1774 675 1802 ac
705 1762 873 1814 periculi
903 1762 1072 1810 habeat,
1102 1761 1302 1801 neminem
1336 1759 1461 1813 fugit3
1494 1762 1534 1799 et
1566 1770 1643 1811 pe-

120 1834 236 1875 riculi
267 1833 427 1887 quidem
461 1834 680 1886 dupliciter,
709 1846 828 1887 quum
856 1839 896 1874 et
928 1846 1090 1874 carmen
1122 1833 1382 1886 periclitetur,
1413 1831 1481 1871 cui
1514 1831 1644 1871 aliena

121 1905 408 1956 immiscueris,
439 1909 479 1945 et
509 1905 594 1957 ipse
624 1906 874 1957 ignorantiae
914 1905 1238 1957 negligentiaeve
1269 1903 1419 1943 crimen
1447 1902 1644 1953 incurras,

120 1978 156 2018 si
187 1976 239 2018 ad
265 1976 442 2017 Hecalen
477 1988 524 2016 ea
552 1976 752 2026 retuleris,
782 1988 884 2029 quae
913 1976 1085 2016 fortasse
1117 1976 1217 2016 alius
1248 1987 1298 2014 ex
1329 1974 1406 2014 alio
1438 1973 1645 2025 desumpta

119 2052 240 2102 poeta
282 2059 374 2088 0550
409 2047 751 2088 demonstraturus
791 2053 867 2088 est.
934 2049 1014 2089 Sed
1054 2053 1186 2088 tamen
1231 2046 1377 2098 aliquid
1420 2047 1645 2087 audendum

121 2124 197 2160 est.
254 2120 393 2172 Neque
434 2120 474 2159 id
503 2121 651 2172 primus
683 2119 828 2160 audeo.
899 2121 1026 2168 Quum
1058 2121 1162 2160 enim
1195 2121 1274 2160 hoc
1305 2120 1402 2160 satis
1441 2121 1644 2171 appareat,

119 2192 190 2231 vix
220 2190 339 2231 ullum
369 2195 540 2243 poetam,
570 2191 745 2230 Homero
774 2196 960 2243 excepto,
992 2191 1219 2244 diligentius
1240 2194 1442 2231 versatum
1463 2200 1485 2229 a
1505 2200 1646 2242 gram-

120 2263 277 2304 maticis
318 2263 578 2314 cupidiusque
616 2261 816 2301 laudatum
857 2274 949 2302 0550
994 2275 1110 2315 quam
1142 2262 1451 2311 Callimachum,
1480 2264 1644 2313 propter

120 2347 234 2375 suam
267 2334 509 2387 singularem
543 2334 786 2374 doctrinam:
828 2336 1065 2388 contingere
1097 2339 1229 2387 potest
1261 2335 1388 2386 probe
1418 2333 1639 2374 exercitato

121 2411 329 2459 poetarum
359 2406 553 2454 lectione,
587 2411 629 2445 ut
660 2406 699 2445 in
731 2406 866 2446 verbis
900 2408 1017 2446 otiam
1062 2406 1336 2459 paucissimis,
1376 2405 1441 2445 vel
1483 2405 1523 2443 in
1563 2414 1644 2443 uno

121 2478 294 2530 quodam
326 2477 523 2529 exquisito
559 2476 781 2526 vocabulo,
809 2477 939 2516 statim
969 2481 1166 2530 agnoscat
1196 2476 1428 2526 Battiaden,
1457 2479 1496 2515 et
1533 2478 1644 2514 recte

121 2547 177 2588 illi
206 2548 396 2598 maxime,
430 2558 530 2600 quos
559 2546 639 2585 dixi
669 2558 812 2598 supra,
845 2547 1128 2596 Ruhnkenius,
1167 2548 1368 2599 Toupius,
1410 2547 1489 2587 hoc
1519 2558 1643 2600 agere

124 2623 364 2668 coeperunt,
394 2623 435 2658 ut
464 2621 498 2660 si
528 2619 621 2670 quid
652 2618 812 2657 aliunde
843 2630 923 2658 11011
956 2625 1091 2659 notum
1122 2619 1318 2672 legissent
1351 2619 1418 2659 illo
1453 2618 1643 2658 Callima-

122 2688 225 2728 cheo
259 2691 500 2741 χαρακτῆρι
530 2690 786 2742 insignitum,
829 2691 868 2729 111
901 2701 949 2729 00
983 2690 1150 2741 primum
1182 2691 1407 2743 cogitarent
1439 2690 1489 2728 de
1521 2689 1644 2729 Calli-

125 2761 297 2810 macho,
327 2759 366 2799 id
397 2761 445 2799 ad
480 2760 760 2800 Callimachum
794 2772 990 2800 revocare
1013 2761 1281 2801 coniectando
1310 2772 1426 2813 quam
1446 2760 1497 2799 ad
1524 2759 1641 2799 alium

124 2832 295 2873 mallent.
316 2833 356 2873 Si
373 2836 501 2873 autem
523 2832 572 2872 ad
591 2832 886 2886 Callimachum,
899 2833 1033 2886 quidni
1049 2834 1099 2874 ad
1114 2833 1303 2885 lleealcn,
1319 2832 1385 2873 ubi
1400 2834 1643 2885 opportunus
