1856 3126
811 134 1118 172 —132—

201 250 305 290 διον.
370 249 646 301 Καλλίμαχος
683 246 859 304 Ἑκάλῃ·
904 250 1142 288 nalal-‘hta
1181 249 1289 288 κᾶλα
1332 248 1528 303 καθῄρει.
1594 247 1733 300 Neque

200 320 496 374 negligendus,
525 331 604 372 quo
636 320 898 361 Ruhnkenius
926 321 1072 370 utitur,
1109 321 1281 362 Suidas:
1323 322 1451 361 Κᾶλα
1482 321 1734 359 παλαίθετα.

200 390 305 446 ξηρά
342 389 477 444 ξύλα,
507 393 552 432 ἐκ
585 392 740 433 πολλοῦ
770 391 1032 433 ἀποτεθέντα
1061 388 1235 446 χρόνου.
1295 395 1400 433 κᾶλα
1424 396 1515 444 post
1546 391 1737 432 Callima-

201 463 320 503 chum
353 468 394 504 et
424 464 672 504 Callimacho
704 465 980 516 antiquiores,
1008 464 1079 505 sed
1112 477 1184 505 eos
1227 475 1307 504 non
1351 464 1520 513 multos,
1551 463 1736 516 Orpheus

197 535 298 588 Arg.
331 535 429 576 313.
487 535 667 576 Eandem
698 536 738 575 in
778 548 862 576 rem
894 536 1025 575 habile
1056 541 1117 576 est
1146 536 1435 588 Fragmentum
1458 535 1733 575 CCLXXXIX.

1044 606 1149 656 ξύλα
1180 608 1285 647 δανὰ
1318 603 1508 648 κεάσσαι.

198 678 369 718 Ovidius
398 679 422 718 l.
455 679 481 718 Ι.
513 677 811 731 Multifidasque
836 680 975 732 faces,
1004 680 1257 730 ramaliaque
1289 679 1410 719 arida
1436 682 1536 718 tecto
1567 678 1732 726 Detulit,

195 755 237 790 et
264 751 417 802 minuit,
446 764 661 804 parvoque
692 753 870 792 admovit
899 764 1015 792 aeno.
1076 751 1205 791 Veluti
1236 753 1318 791 sic:
1350 752 1464 791 iussit
1484 751 1632 791 Hecale
1655 763 1732 790 an-

197 824 327 864 cillam
359 823 464 873 ξύλα
500 822 608 865 δανὰ
641 822 833 866 κεάσσαι.
901 825 942 865 Si
977 824 1159 864 ancillam
1191 824 1329 864 habuit
1361 823 1537 873 Hecale,
1569 823 1619 863 de
1653 835 1730 875 quo

194 897 340 936 statim.
397 897 544 937 Verum
587 908 705 949 quum
737 895 880 937 eadem
912 897 1063 947 verba,
1099 894 1203 946 ξύλα
1234 892 1340 935 δανὰ
1385 892 1583 948 κεάσσαι,
1626 895 1731 948 apud
1767 911 1770 914 ⁴
1803 911 1806 914 ⁴

193 969 409 1009 Homerum
443 968 590 1020 Odyss.
620 969 703 1009 XV.
737 969 831 1008 322.
866 972 1038 1018 exstent,
1068 968 1295 1019 quaeritur,
1328 978 1405 1018 quo
1438 967 1524 1006 iure
1555 979 1603 1006 ea
1636 967 1730 1006 Cal-

140 1092 142 1094 ,
193 1040 366 1080 limaeho
402 1041 547 1081 Suidas
579 1053 616 1079 v.
651 1037 774 1079 Λανά
805 1039 1004 1079 attribuat.
1066 1038 1116 1078 Et
1151 1038 1310 1078 Kusteri
1344 1038 1524 1090 quidem,
1556 1040 1729 1091 itemque

193 1113 419 1153 Ruhnkenii
449 1112 588 1163 Epistt.
621 1111 748 1151 Tittm.
790 1123 827 1163 p.
868 1111 959 1150 103.
993 1111 1192 1151 sententia
1235 1114 1343 1160 erat,
1376 1123 1514 1150 errare
1552 1111 1729 1163 Suidam,

193 1189 234 1224 et
263 1183 507 1224 Callimacho
540 1182 644 1222 male
676 1184 870 1235 tribuere,
897 1183 1003 1236 quod
1032 1182 1196 1222 Homeri
1228 1187 1349 1222 esset.
1409 1183 1546 1223 Altera
1573 1188 1633 1223 est
1651 1183 1730 1223 Er-

191 1257 310 1296 nestit
343 1257 502 1308 opinio,
542 1254 825 1295 Callimachum
865 1254 942 1294 hoc
971 1254 1266 1295 hemistichium
1296 1267 1347 1294 ex
1378 1256 1553 1295 Homero
1584 1256 1623 1294 in
1654 1266 1726 1294 sua

191 1328 370 1368 duxisse.
428 1327 479 1368 Et
508 1340 607 1368 sane
638 1329 765 1380 potuit
798 1327 1002 1378 accidere,
1034 1332 1075 1366 ut
1107 1327 1214 1379 quod
1242 1340 1293 1367 ex
1322 1328 1495 1367 Homero
1527 1332 1725 1379 tamquam

191 1402 318 1453 primo
349 1405 514 1440 auctore
546 1400 728 1450 deberet,
757 1400 796 1439 id
825 1412 876 1439 ex
899 1401 1098 1440 imitatore
1126 1400 1288 1440 Homeri
1311 1400 1552 1440 Callimacho
1582 1399 1727 1440 lauda-

145 1458 148 1459 ⁷
190 1477 253 1513 ret
280 1473 580 1526 grammaticus.
639 1472 790 1512 Eadem
823 1473 1017 1512 dubitatio
1051 1473 1158 1523 olim,
1193 1477 1284 1512 ante
1317 1472 1448 1512 editos
1480 1485 1500 1512 a
1534 1472 1725 1512 Cramero

189 1542 513 1596 Ἐπιμερισμούς
537 1543 739 1597 Ὁμήρου,
769 1547 810 1585 in
839 1546 1081 1598 Fragmento
1102 1545 1298 1585 CCCXVI.
1332 1545 1414 1585 fuit.
1448 1545 1621 1585 ·Sui‹1ae
1649 1544 1726 1584 ad-

192 1617 308 1657 datur
335 1618 514 1657 Zonaras
546 1630 583 1669 p.
615 1617 710 1657 470.
770 1618 916 1658 Verum
948 1623 1081 1658 tamen
1114 1620 1147 1658 is
1188 1617 1295 1670 quod
1333 1622 1372 1656 et
1412 1618 1496 1669 ipse
1529 1616 1723 1656 Callima-

191 1689 308 1729 chum
335 1691 459 1740 citat,
493 1689 641 1729 nullum
677 1701 825 1729 novum
858 1690 1017 1742 pondus
1050 1691 1184 1730 addit:
1215 1703 1305 1730 nam
1337 1702 1359 1728 e
1394 1689 1541 1741 Suida‚
1574 1689 1636 1728 vel
1675 1701 1728 1728 ex

188 1762 371 1814 proximo
403 1762 551 1802 Suidae
582 1761 707 1812 fonte,
741 1761 926 1802 hausisse
954 1763 1166 1812 Zonaram,
1198 1762 1292 1802 illud
1320 1762 1438 1801 fidem
1468 1761 1588 1823 facit,
1619 1760 1726 1813 quod

190 1835 335 1875 eodem
366 1833 488 1874 modo
529 1845 724 1886 perversa
758 1833 901 1873 ordine
942 1834 1066 1874 verba
1100 1834 1279 1873 Zonaras
1323 1833 1483 1881 laudat,
1517 1844 1595 1884 quo
1635 1837 1728 1872 sunt

189 1906 294 1958 apud
325 1905 510 1955 Suidam,
543 1906 628 1945 sic:
662 1903 768 1944 δανὰ
802 1902 909 1956 ξύλα
942 1920 978 1944 κ.
1036 1906 1153 1945 Anna
1183 1905 1301 1944 Fabri
1343 1917 1380 1956 p.
1419 1904 1508 1945 166.
1540 1911 1598 1958 (p.
1628 1905 1723 1945 368.

189 1977 253 2016 ed.
285 1976 405 2026 Ern.]
441 1989 559 2029 quum
589 1989 612 2016 e
645 1978 909 2016 Constantino
940 1977 1077 2017 laudat
1109 1977 1276 2026 eadem,
1307 1988 1412 2025 non,
1443 1977 1549 2029 quod
1581 1977 1724 2029 aliquis

188 2049 385 2100 opinetur,
415 2049 718 2089 Constantinum
738 2049 944 2099 Lascarin,
974 2050 1047 2088 sed
1075 2049 1240 2089 Roberti
1272 2049 1521 2089 Constantini
1542 2049 1722 2089 Lexicon

189 2120 386 2173 intelligit.

298 2191 519 2232 Disserebat
549 2191 698 2244 aliquid
727 2191 903 2231 Hecalen
940 2191 1045 2231 inter
1076 2196 1115 2231 et
1134 2190 1405 2231 Philemonem
1425 2191 1721 2246 Baucidemque

191 2265 352 2316 Ovidii,
386 2263 495 2316 quod
526 2274 644 2315 quum
682 2262 786 2314 apud
818 2262 1005 2302 Ovidium
1038 2262 1262 2314 bipartitum
1293 2264 1343 2303 sit
1371 2276 1512 2305 munus
1544 2265 1721 2318 hospitii,

187 2342 231 2378 ut
259 2338 395 2390 ignem
429 2335 620 2376 incendat
651 2334 819 2385 Baucis,
853 2338 895 2374 at
923 2334 1127 2375 Philemon
1159 2336 1246 2375 olus
1285 2336 1450 2388 colligat
1492 2348 1544 2376 ex
1587 2337 1720 2388 horto,

190 2409 298 2462 quod
328 2408 476 2449 deinde
505 2407 650 2447 Baucis
683 2412 840 2447 truncat
868 2407 988 2454 foliis,
1020 2413 1059 2447 et
1087 2408 1146 2447 sic
1181 2408 1272 2456 alia,
1304 2408 1407 2460 apud
1439 2409 1721 2450 Callimachum

189 2481 338 2522 Hecale
368 2482 443 2520 ista
474 2479 606 2519 onmia
636 2480 846 2532 peregisse
873 2480 959 2519 sola
990 2480 1158 2520 videtur.
1217 2480 1324 2520 Etin
1341 2482 1496 2522 Moreto
1528 2482 1606 2532 ille,
1629 2482 1719 2522 dum

188 2555 275 2605 ipse
306 2554 346 2592 in
376 2551 482 2592 mola
515 2555 734 2603 occupatus
765 2553 850 2598 est,
884 2549 1060 2602 Cybalen
1100 2555 1240 2601 vocat,
1281 2555 1400 2603 atque
1433 2553 1586 2590 arsura
1613 2550 1718 2602 focis

189 2624 395 2675 imponere
426 2623 534 2674 liqna
565 2622 764 2673 Imperat,
795 2626 832 2661 et
859 2621 1021 2673 flamma
1047 2622 1198 2673 gelidos
1234 2622 1397 2662 adolere
1435 2622 1637 2673 liquores.-
1678 2635 1715 2662 v.

189 2696 256 2736 37.
291 2695 342 2735 cf.
364 2708 400 2734 v.
422 2695 488 2735 50.
533 2694 597 2734 An
620 2693 768 2733 Hecale
789 2705 945 2746 quoque
978 2694 1159 2733 ancillam
1189 2694 1358 2734 habuit?
1413 2695 1501 2734 Non
1532 2705 1718 2746 negave-

188 2766 276 2816 rim,
305 2767 380 2805 etsi
401 2778 503 2817 quae
536 2766 623 2805 eius
643 2766 704 2805 rei
733 2765 881 2805 indicia
904 2766 1085 2805 invenire
1112 2766 1180 2805 tibi
1209 2767 1248 2805 in
1270 2766 1502 2818 fragmentis
1525 2765 1715 2816 videaris,

185 2850 377 2895 perquam
405 2838 538 2878 tenuia
569 2842 671 2878 sunt.
709 2837 768 2878 Cf.
792 2849 886 2878 mox
904 2837 953 2878 ad
972 2838 1128 2890 Fragm.
1149 2836 1386 2877 CLXXVIII.
1404 2841 1442 2876 et
1459 2836 1713 2878 CCLXXXII.
