1856 3126
801 135 1109 172 ——190—

189 256 441 296 narratione:
474 253 546 294 sed
578 251 810 292 conditione
840 251 929 302 hae,
958 255 998 290 ut
1048 262 1094 289 ea
1136 250 1225 290 loca
1265 254 1413 290 tantum
1446 260 1469 288 e
1497 246 1719 299 longinquo

187 328 334 367 viderit
359 326 552 365 Theseus.
611 324 667 363 Ea
699 328 789 363 sunt
823 322 997 363 Salamis
1040 322 1183 373 insula,
1225 326 1263 361 et
1307 321 1442 361 Colias
1480 323 1720 372 promonto-

189 400 302 438 rium.
360 400 420 438 De
437 397 642 436 Salamine
672 398 936 449 fragmentum
968 399 1043 446 est,
1075 393 1181 447 quod
1212 405 1274 433 me
1298 393 1574 445 praeterierat,
1602 402 1720 443 quum

187 472 353 523 primum
387 471 465 510 hoc
497 470 621 522 Caput
649 469 711 508 vl.
742 468 864 518 edidi,
893 467 964 507 sed
998 467 1190 506 indicavit
1219 465 1313 504 mihi
1341 463 1594 512 wolckerus,
1621 475 1719 502 eru-

187 548 265 582 tum
296 543 344 581 ab
380 543 545 582 Osanno
577 542 616 580 in
644 539 793 589 libello,
824 551 939 591 quem
970 537 1019 578 (le
1051 537 1262 589 Sophoclis
1290 537 1416 576 Aiace
1461 535 1633 587 scripsit,
1677 547 1718 586 p.

186 616 255 655 95.
286 627 308 653 e
337 614 480 653 codice
523 625 596 653 ms.
625 613 724 665 Reg.
756 612 881 652 Paris.
915 618 974 659 (11.
1027 611 1145 659 451.)
1190 609 1353 649 Eusebii
1396 607 1718 660 Praeparationis

185 687 337 738 Evang.
399 686 439 725 ln
472 697 549 738 quo
582 684 632 724 ad
667 684 790 723 verba
823 683 985 723 Eusebii
1018 682 1079 721 lV.
1111 681 1173 721 16.
1206 694 1242 733 p.
1278 682 1368 721 155.
1401 681 1444 720 B.
1474 680 1538 718 ed.
1586 679 1719 731 viget.

186 759 332 809 (11.99.
364 758 475 807 RSt.)
517 758 559 796 ὲν
597 757 643 796 δὲ
682 757 730 811 τῇ
761 757 833 795 νῦν
878 756 1111 806 Σαλαιιιΐιιι,
1161 750 1358 806 πρότερον
1403 753 1449 792 dt}
1497 752 1720 807 Κορωνείᾳ

186 825 493 884 ὀνομαζομὲιῃε
542 833 656 867 vetus
686 827 753 867 sol.
790 826 883 865 976.
913 837 1019 865 vers.
1049 825 1231 865 scholion
1264 828 1345 866 est:

408 896 456 938 ozi
489 897 566 950 τήν
594 897 698 950 πρὸς
727 903 818 944 ταῖς
845 896 1052 950 Ἀθήναις
1081 899 1301 947 Σαλαμῖνα
1332 895 1455 948 λέγει·
1505 891 1612 946 αὕτη
1640 891 1720 945 γὰρ

409 968 651 1022 Κοιῗ).ουρις
672 967 797 1008 πάλαι
831 970 1005 1019 ἐλέγετο,
1034 967 1091 1013 ὠς
1115 969 1187 1006 καί
1211 969 1488 1018 Καλλίμαχος
1520 964 1539 1005 ὃ
1574 967 1721 1017 Κυρη-

407 1047 521 1088 ναῖος
552 1042 595 1081 ὲν
622 1041 671 1094 τῇ
696 1035 854 1092 ιΕκάλῃ
889 1036 1030 1091 φησίν
1066 1031 1172 1075 άλλά
1195 1034 1271 1088 τήν
1301 1036 1406 1076 κατά
1439 1038 1618 1090 Κύπρον
1639 1039 1722 1077 Σα-

409 1115 564 1161 λαμῖνα
596 1113 716 1163 λέγει.

189 1184 303 1232 Quod
336 1185 387 1223 ita
421 1184 592 1234 accipio,
636 1180 910 1234 progredienti
956 1179 1113 1219 Theseo
1157 1180 1415 1232 conspicuam
1453 1178 1612 1228 factam,
1657 1177 1724 1218 vel

187 1257 403 1296 indicatam
435 1267 526 1294 esse
558 1253 801 1304 Κυιῖλουριν
831 1252 867 1291 h.
914 1264 951 1292 e.
1002 1252 1241 1291 Salaminem
1280 1251 1461 1291 insulam.
1520 1249 1724 1289 Memora-

187 1326 265 1367 bile
297 1328 359 1364 est
387 1324 493 1376 quod
526 1324 666 1363 scribit
695 1323 895 1373 Osannus,
927 1334 1014 1362 eam
1048 1322 1214 1362 insulam
1258 1324 1378 1364 hodie
1421 1322 1586 1363 colom-i
1631 1321 1725 1372 dici,

187 1399 350 1438 nomine
381 1396 485 1437 haud
518 1396 635 1436 dubie
678 1400 866 1447 corrupto
900 1407 951 1434 ex
990 1396 1153 1447 antiquo
1187 1393 1444 1447 Κούλουρις.
1502 1394 1619 1446 Apud
1650 1406 1725 1433 ve·-

190 1475 298 1510 teres
329 1469 547 1520 scriptores
577 1467 654 1505 alia
688 1466 774 1505 eius
804 1466 957 1505 insulae
977 1466 1110 1517 prisca
1142 1467 1302 1505 nomina
1335 1468 1522 1518 reperio,
1552 1462 1722 1518 Σκιράς,

190 1542 405 1593 Κυχρειά,
438 1538 710 1588 ΙΙιτυοῐσσα,
742 1535 986 1588 Κούλουριν
1016 1549 1096 1576 non
1126 1538 1300 1589 reperio.
1358 1538 1436 1578 Sed
1472 1538 1633 1590 dignum
1664 1540 1724 1576 est

191 1610 433 1651 Callimacho
468 1611 711 1663 antiquatum
743 1621 905 1659 nomeu,
935 1610 1170 1660 praesertim
1203 1611 1243 1649 in
1273 1614 1352 1649 tam
1388 1611 1547 1662 antiqua
1578 1608 1724 1648 Thesei

190 1684 369 1724 historia.
429 1683 488 1722 De
519 1682 595 1720 situ
626 1681 837 1721 Salaminis
867 1680 1021 1721 insulae
1050 1681 1174 1720 rerba
1203 1682 1372 1721 maxhne
1389 1682 1596 1722 Strabonis
1628 1680 1722 1720 mihi

193 1758 484 1797 obversanlur:
521 1753 594 1794 ’Ev
641 1755 685 1794 ὸὲ
736 1755 785 1808 τῇ
836 1755 1021 1810 παραλία
1067 1755 1119 1809 τῇ
1157 1752 1258 1793 κατὰ
1303 1755 1524 1805 Σαλαμῖνα
1553 1756 1720 1793 κεῖσθαι

188 1828 394 1880 συμβαιίνε
426 1826 475 1867 τά
509 1822 605 1876 ὅρια
635 1826 708 1876 τῆς
737 1826 989 1877 λᾙεγαρικῆς
1017 1824 1089 1864 καί
1119 1826 1190 1877 τῆς
1216 1823 1436 1876 ’-ἅτθίὸοῶ
1466 1819 1544 1877 ὅρη
1583 1825 1659 1864 δύο
1692 1822 1721 1864 ἃ

187 1903 359 1941 καλοῦσι
384 1900 569 1950 Ιζέρατα.
602 1896 695 1934 Cum
728 1897 858 1950 πέτρᾳ
881 1895 1107 1951 κολουραιίιι
1124 1896 1278 1948 Fragin.
1303 1895 1436 1935 LXVI.
1467 1895 1663 1947 (Cap.lll.
1681 1907 1718 1947 p.

188 1974 279 2023 73.)
322 1971 418 2011 nihil
456 1979 665 2008 commuue
697 1966 878 2006 Calui-ide·
907 1967 993 2006 sive
1027 1967 1207 2006 Coluricli
1238 1967 1426 2007 Salamini
1454 1971 1529 2014 est,
1558 1972 1719 2019 praeter

188 2054 352 2092 nomen,
383 2039 446 2079 cui
470 2051 546 2091 ego
572 2043 731 2089 etymon
751 2037 911 2087 nullum,
944 2037 1019 2076 nisi
1037 2036 1128 2076 illud
1148 2037 1274 2088 ipsum
1299 2036 1508 2091 κὸλουρος,
1539 2040 1716 2079 invenio.

189 2114 367 2155 Alterum
410 2113 472 2149 est
514 2108 563 2147 de
597 2108 760 2147 Coliacle
802 2103 920 2163 ἄκρᾳ.
978 2107 1133 2160 Fragm.
1175 2107 1308 2148 Dxlffl·
1346 2109 1532 2150 Addend.
1576 2110 1715 2150 Bloml'.

187 2187 446 2226 monstratum
480 2185 569 2220 ante
600 2192 620 2219 a
652 2180 834 2220 Fabricio
863 2180 964 2220 Bibl.
999 2180 1064 2220 Gr.
1097 2180 1184 2220 Vol.
1216 2180 1263 2219 ll.
1293 2193 1329 2233 p.
1359 2180 1454 2222 484.
1512 2181 1716 2234 Interpre-

188 2264 273 2300 tor:
303 2257 428 2296 visam
459 2265 550 2292 esse
581 2252 857 2304 progredienti
887 2252 1059 2302 Theseo,
1088 2252 1152 2291 vel
1178 2252 1405 2303 indicatam,
1447 2248 1581 2306 ἄκραν
1614 2255 1715 2293 Κω-

187 2328 314 2372 λιάδα
347 2358 359 2379 ,
413 2326 498 2366 sive
552 2325 722 2376 positum
779 2325 818 2363 in
872 2336 921 2364 eo
971 2325 1247 2376 promontorio
1305 2325 1488 2377 templum
1543 2325 1713 2366 Veneris

187 2397 422 2445 Κωλιάδος.
481 2397 645 2438 Suidas:
698 2394 884 2443 Κωλιάς.
929 2395 1028 2444 ναός
1068 2397 1156 2436 ἐστι
1201 2398 1276 2450 τῆς
1313 2396 1571 2451 Ἀφροδίτης
1603 2393 1713 2438 οὕτω

186 2472 464 2523 καλούμενος,
517 2468 598 2508 dns)
640 2471 716 2509 τοῦ
758 2467 1070 2521 συμβεβηκότος
1112 2469 1188 2522 τήν
1228 2470 1510 2521 προσηγορίαν
1558 2465 1711 2520 λαβών.

186 2545 365 2596 sequitur
394 2541 561 2580 historia
596 2540 644 2579 de
673 2542 815 2580 iuvene
842 2541 992 2587 Attico,
1024 2542 1089 2592 qui
1133 2541 1346 2593 aliquando
1392 2545 1527 2592 raptus
1560 2553 1582 2580 a
1614 2540 1712 2593 Tyr-

183 2616 351 2665 rhenis,
391 2617 531 2666 postea
561 2611 750 2652 liberatus
780 2622 854 2663 ope
896 2611 1077 2662 puellae,
1122 2613 1306 2664 templum
1337 2612 1414 2651 hoc
1453 2612 1599 2652 Veneri
1641 2613 1712 2652 ἐπὶ

181 2690 256 2741 τῆς
286 2687 422 2738 α’κτῆς,
454 2685 529 2739 ἀφ’
563 2678 608 2738 ἧς
638 2682 817 2737 ἡρπάγη,
865 2684 1090 2724 condiderit
1132 2684 1466 2736 appellaveritque
1506 2679 1587 2722 άπὸ
1628 2682 1710 2722 τῶν

182 2756 340 2806 κώλων,
372 2753 398 2795 ἅ
429 2758 471 2797 ἐν
502 2761 587 2803 τοῖς
620 2751 787 2805 deosum}
817 2761 1097 2795 κατεπονεῖτο.
1133 2755 1429 2795 ἱιΙὶΟεΉῖιΓΓὶιιὉ
1463 2753 1512 2792 dc
1555 2753 1709 2805 accipi-

182 2835 255 2880 tre,
285 2828 350 2881 qui
378 2827 419 2865 in
448 2826 554 2865 lonis
585 2826 784 2866 sacrificio
816 2826 953 2878 κωλῆν
983 2827 1179 2878 rapuerit:
