1856 3126
753 121 1061 160 —125—

147 238 246 280 illud
277 250 358 280 non
386 237 610 290 placuerit,
640 237 675 277 is
706 237 822 278 aliam
853 240 1100 292 excogitabit
1141 240 1413 280 occasionem.
1471 238 1597 279 Veluti
1635 243 1675 280 ut

147 312 288 352 hibere
316 309 512 349 Theseum
547 312 669 360 vetet,
703 314 913 362 antequam
945 311 1029 363 ipsa
1054 311 1312 350 condimento
1337 310 1469 362 aliquo
1499 311 1677 351 miscue-

145 384 197 423 rit
226 392 380 434 aquam.

257 451 424 493 Accedo
457 449 508 490 ad
537 450 668 491 locum
703 451 990 503 periculosum,
1020 451 1212 491 lubricam
1243 452 1528 492 coniecturam.
1575 454 1678 493 For-

146 530 256 566 tasse
279 523 429 564 Hecale
460 523 618 563 Theseo
650 534 731 563 non
764 536 813 564 eo
847 536 892 564 se
923 524 1032 574 loco,
1062 523 1204 575 inquo
1235 527 1315 562 tum
1345 523 1564 576 habitabat,
1599 538 1676 565 na-

148 602 250 646 tam,
279 595 352 636 sed
387 594 546 635 aliunde
577 595 819 645 advenisse,
852 599 892 634 et
929 594 1090 634 divitem
1119 607 1163 635 se
1197 594 1290 634 olim
1323 594 1447 634 fuisse
1477 597 1678 640 narrabat.

149 669 263 710 Nova
296 678 363 707 res
396 670 513 718 atque
547 667 737 706 inaudita.
798 665 841 705 Id
874 669 1005 705 tamen
1030 670 1072 706 ut
1099 665 1255 717 moliar,
1285 667 1565 719 Fragmentum
1590 680 1681 707 ma-

145 741 254 781 xime
298 737 600 778 CCCCXXVIII.
634 738 757 784 facit,
802 741 844 775 ut
889 740 1045 776 auctum
1088 741 1149 777 est
1188 749 1209 776 a
1251 737 1502 778 Buttmanno.
1561 739 1677 786 Quod

147 823 265 865 quum
295 814 388 850 ante
416 821 496 849 uno
525 808 724 848 vocabulo
756 808 981 848 κολωνάων
1011 812 1228 861 constaret,
1261 809 1368 862 quod
1396 809 1521 861 ipsum
1553 821 1683 849 voca-

146 883 281 923 bulum
311 880 513 933 quomodo
546 879 824 933 accipiendum
859 884 970 920 esset
998 890 1080 919 non
1121 881 1217 920 satis
1249 880 1425 933 liquebat
1465 892 1516 920 ex
1547 881 1683 921 verbis

146 955 317 997 Suidae:
349 951 626 1005 (Κολωνάων,
655 950 730 992 καί
756 949 956 1005 Νησάων.
997 952 1249 1005 παραλόγως
1279 951 1489 1005 ἐχρήσατο
1520 953 1686 991 Καλλί-

148 1041 305 1080 μαχος.
354 1020 404 1065 οὗ
435 1024 515 1078 γὰρ
546 1023 780 1076 παράγεται
815 1020 897 1062 cino*
928 1024 1002 1075 τῆς
1040 1022 1249 1077 κολώνης,
1279 1021 1368 1062 ἀλλ’
1399 1020 1481 1062 ἀπὸ
1512 1023 1584 1062 τοῦ
1614 1037 1686 1061 κο-

150 1098 330 1146 amoro:
359 1109 465 1137 nunc
496 1096 608 1148 plura
641 1098 799 1134 exstant
827 1095 865 1133 in
884 1094 1058 1135 Scholiis
1080 1095 1170 1134 cod.
1190 1095 1376 1135 Ambros.
1400 1095 1444 1142 Q.
1468 1094 1517 1133 ad
1537 1094 1683 1146 odyss,

144 1170 247 1212 XIV.
284 1169 374 1210 199.
429 1166 494 1207 Ἐκ
522 1167 600 1218 μὲν
633 1165 862 1219 Κρητάων.
906 1162 989 1204 dm)
1024 1166 1102 1205 τοῦ
1130 1166 1311 1218 Κρῆται.
1354 1164 1426 1205 καί
1453 1164 1526 1213 τὰς
1548 1165 1686 1218 Ἀθή-

144 1256 218 1289 νας
246 1238 327 1292 γὰρ
356 1238 454 1278 ποτὲ
481 1234 628 1282 ἑνικῶς
658 1235 759 1275 ποτὲ
790 1234 1087 1288 πληθυντικῶς
1118 1235 1330 1288 ὀνομάζει.
1380 1238 1503 1276 rocco
1533 1238 1579 1276 δὲ
1610 1237 1685 1288 ζη-

143 1307 310 1361 μιώσας
350 1307 564 1363 (ζηλώσας
610 1307 768 1346 emend.
811 1307 924 1356 Mai.)
977 1305 997 1346 ὁ
1045 1309 1327 1361 Καλλᾴιαχος
1370 1307 1443 1349 τὸν
1484 1307 1686 1349 Κολωνὸν

143 1377 289 1428 ἑνικῶς
324 1382 397 1421 καί
425 1379 717 1432 πληθυντικῶς
755 1372 892 1417 εἶπεν·
937 1378 982 1417 ἐκ
1010 1378 1088 1428 μὲν
1120 1378 1358 1420 Κολωνάων
1387 1396 1447 1428 τις
1491 1378 1684 1430 &uc-'onor

145 1446 273 1505 ἤγαγε
297 1450 437 1504 δήμου
469 1450 552 1491 τῶν
583 1446 748 1501 ἑτέρων.
807 1450 987 1490 Annotat
1017 1450 1299 1491 Buttmannus:
1343 1451 1441 1492 Sola
1479 1452 1685 1502 hucusque

145 1536 167 1561 c
199 1522 328 1562 Suida
355 1534 439 1561 voa:
472 1519 714 1561 Κολωνάων
745 1521 850 1559 inter
876 1521 1106 1572 fragmenta-
1136 1534 1242 1563 mam.
1273 1523 1370 1563 [128.
1409 1524 1541 1563 relata
1582 1528 1684 1563 erat.

148 1594 198 1634 In
221 1595 357 1646 fronte
385 1590 428 1632 ἔκ
455 1607 507 1644 με
542 1592 722 1640 sortasse
747 1591 850 1643 suit,
884 1591 925 1629 in
957 1591 1066 1630 calce
1097 1589 1269 1644 ἑτάρων.
1330 1593 1462 1634 Scemt
1492 1598 1536 1633 ut
1573 1594 1687 1633 vides

146 1666 189 1706 in
219 1665 356 1706 Attica
386 1669 470 1712 θείς
502 1675 629 1715 quare
658 1663 713 1703 ad
739 1663 919 1702 Hecaten
949 1664 1098 1715 refero.
1157 1665 1280 1705 Recte
1320 1671 1589 1718 postremum,
1634 1667 1685 1707 (le

146 1739 312 1779 Hecale.
370 1737 502 1779 Semel
537 1736 721 1787 colligam
763 1736 1152 1788 argumentationis,
1192 1749 1266 1787 qua
1299 1741 1339 1776 et
1378 1741 1469 1777 ante
1507 1749 1584 1777 nos
1619 1738 1684 1777 alii

146 1811 375 1862 fragmenta
408 1807 674 1848 Callimachea
719 1818 799 1846 non
844 1818 970 1858 pauca
1013 1806 1064 1846 ad
1105 1806 1282 1846 Hecalen
1329 1814 1596 1859 revocarunt,
1645 1814 1685 1848 et-

144 1886 307 1922 nosmet
340 1881 414 1933 ipsi
445 1891 645 1919 revocare
676 1878 752 1918 alia
784 1878 975 1929 solemus,
1008 1880 1140 1931 capita
1171 1883 1400 1932 partesque.
1458 1881 1573 1928 Quod
1597 1883 1684 1933 pri-

145 1965 248 1992 mum
280 1956 353 2001 est,
382 1963 498 2003 quum
526 1962 713 2003 magnam
744 1950 868 1989 luisse
898 1949 1070 1989 Hecales
1091 1949 1384 1992 Callimaeheae
1414 1953 1517 2005 apud
1537 1953 1681 1993 Gram-

146 2025 316 2064 maticos
349 2022 640 2071 celebritatem,
671 2021 832 2061 multum
861 2032 998 2070 usum,
1031 2025 1183 2061 certum
1213 2023 1286 2073 sit,
1316 2023 1366 2063 dc
1396 2036 1473 2076 quo
1506 2025 1546 2064 in
1582 2025 1682 2065 Pro„

145 2095 370 2149 legoniems
401 2106 438 2147 p.
471 2094 535 2134 13.
569 2095 775 2143 monitum,
803 2093 949 2133 nullum
980 2098 1042 2133 est
1071 2093 1308 2135 hexametro
1340 2108 1460 2136 versu
1491 2098 1679 2149 scriptum

147 2167 444 2220 fragmentum,
476 2167 525 2206 iis
568 2166 769 2216 exceptis,
801 2176 903 2216 quae
937 2164 1037 2205 alius
1068 2166 1219 2206 titulum
1263 2168 1460 2219 poematis
1498 2180 1594 2220 prae
1637 2180 1682 2208 se

150 2238 308 2289 serunt,
339 2239 379 2278 in
412 2249 489 2290 quo
523 2249 602 2276 non
626 2238 807 2288 quaestio
839 2248 883 2276 se
907 2248 955 2276 ac
984 2238 1161 2289 suspicio
1182 2239 1329 2278 oll'erre
1358 2240 1497 2290 possit,
1526 2243 1564 2278 et
1584 2251 1681 2279 vero

153 2311 325 2361 debeat,
361 2323 409 2350 an
442 2311 492 2349 sit
522 2322 571 2349 ex
604 2308 753 2348 Hecale
787 2307 1048 2360 desumptum.
1109 2310 1345 2357 Quaestioni
1373 2310 1530 2362 pondus
1560 2321 1685 2349 acce-

153 2383 226 2433 dit,
257 2383 489 2433 acuiturque
521 2382 723 2432 suspicit),
754 2381 819 2420 ubi
856 2380 1119 2433 fragmentum
1150 2381 1312 2432 videas,
1345 2383 1450 2433 quod
1491 2387 1556 2421 aut
1584 2394 1684 2434 gra-

154 2456 277 2495 vitate
310 2454 438 2506 aliqua
476 2458 654 2492 naturam
690 2452 878 2491 carminis
909 2452 1011 2503 epici
1043 2453 1215 2503 referat,
1256 2458 1296 2492 ut
1328 2452 1577 2504 ἀμάρτυρον
1611 2453 1684 2491 01?-

155 2527 228 2568 δὲν
258 2526 410 2575 ἀείδω,
445 2528 482 2563 ct
514 2521 584 2562 καί
614 2521 664 2562 τά
695 2523 771 2572 μὲν
801 2518 857 2569 ὥς
892 2518 1042 2575 π’]’,ιιελλε
1071 2521 1176 2574 μετὰ
1209 2520 1362 2576 χρόνον
1393 2523 1686 2573 ὲκτελὲῑσθαι;

157 2602 224 2638 aut
253 2597 358 2649 quod
391 2596 440 2636 ad
478 2595 637 2645 longam
670 2597 707 2632 et
749 2595 977 2633 continuam
1011 2596 1282 2634 narrationem
1321 2595 1521 2645 pertinere
1562 2607 1687 2647 appa-

155 2672 259 2709 reat.
329 2666 483 2708 Nullum
529 2666 633 2705 enim
680 2665 841 2716 longius
883 2665 1032 2704 Hecale
1082 2676 1244 2705 carmen
1282 2665 1377 2705 fecit
1411 2665 1687 2708 Callimachus.

163 2740 277 2787 Quae
308 2739 534 2792 pertineant
564 2734 614 2773 ad
647 2734 806 2786 longam
841 2736 1113 2775 narrationem
1145 2736 1381 2789 fragmenta,
1411 2748 1533 2789 saepe
1562 2739 1689 2791 magis

160 2821 283 2852 sensu
314 2809 532 2862 percipitur
563 2817 677 2857 quam
708 2805 930 2846 rationibus
961 2807 1267 2849 demonstratur.
1327 2809 1407 2851 Sed
1436 2814 1526 2850 sunt
1557 2814 1688 2851 tamen
