1856 3126
782 99 1089 139 —153—

278 220 553 263 Similitudinis
614 230 756 258 caussa
813 219 983 259 sublicio
1039 217 1265 271 neglectum
1316 214 1497 255 Bentleio
1549 214 1705 267 Fragm.

166 294 446 335 CCCCXXX*

799 361 871 401 val
896 360 955 412 μοὶ
988 358 1067 402 τόν.

164 438 268 478 Male
298 436 351 475 ibi
383 435 483 474 haec
513 433 770 485 proferuntur
807 437 1005 483 tamquam
1037 430 1184 471 Suidae
1220 430 1372 470 verba:
1423 427 1706 481 Καλλίμαχος

159 509 307 565 Ἑκάλῃ
339 497 454 547 εἶπέ·
501 507 574 545 mi
612 503 672 557 μα’
708 503 794 544 τόν.
866 505 1010 544 Suidas
1054 504 1092 542 in
1136 504 1229 545 Ναί
1256 503 1316 554 μὰ
1357 500 1401 543 τό
1441 502 1569 554 primo
1612 499 1706 539 illud

165 581 429 633 fragmentum
470 579 668 629 Hecales,
712 578 782 617 ναί
821 575 880 627 μά
923 575 970 617 τὸ
1017 573 1164 628 ῥικνὸν
1204 577 1350 629 σῧφαρ
1397 579 1474 614 etc.
1519 573 1704 625 apponit3

167 651 328 700 deinde,
361 651 448 690 aliis
481 650 716 700 interiectis,
749 649 900 701 pergit:
932 646 1005 686 καί
1026 644 1178 699 εΕκοίλη
1208 641 1310 686 εἶπε·
1341 647 1412 686 mi
1436 643 1494 697 μά
1520 645 1604 685 τόν·
1636 647 1707 685 καί

165 723 240 762 οὐκ
270 717 416 773 ἐπάγει
447 719 522 761 τὸν
551 717 665 763 θεόν.
727 720 926 774 ῥυθμίζει
951 721 996 759 δὲ
1027 716 1049 759 ὁ
1078 717 1196 770 λόγος
1224 717 1325 770 πρὸς
1357 718 1587 769 εὐσέβειαν.
1632 719 1706 769 sic,

156 791 339 845 Ἑκάλη,
370 805 448 832 non
486 790 648 848 Ἑκάλῃ.
721 793 845 832 Recte
887 791 1211 831 Hemsterhusius
1259 794 1362 842 apud
1408 790 1703 831 Gaissordium:

163 863 342 904 Hecalen
373 866 544 918 intellige
587 865 648 904 sic
689 865 862 904 locutam
900 864 1012 915 apud
1043 863 1356 913 Callimachum,
1396 861 1437 900 in
1465 865 1580 902 cuius
1607 863 1705 913 sra-

161 938 328 988 9mente's
356 937 431 977 lias
462 949 583 976 voces
616 937 847 976 omiserunt.
909 936 1078 984 Quando
1111 940 1259 985 autem,
1292 939 1331 974 et
1362 946 1438 986 qua
1471 935 1705 983 occasione,

164 1022 244 1050 non
275 1010 434 1049 delinio.
495 1009 675 1059 Dixeris,
708 1021 825 1060 quum
855 1008 916 1047 bis
958 1008 1151 1047 iurantem
1192 1006 1434 1052 habeamus,
1466 1005 1538 1044 mi
1563 1002 1623 1054 μὰ
1656 1003 1701 1043 τὸ

167 1080 306 1134 (Senior
336 1087 412 1125 etc.
457 1086 495 1121 et
526 1083 595 1121 rm*
624 1080 683 1132 μά
716 1076 814 1133 τόν,
854 1081 1039 1119 usitatum
1083 1078 1258 1118 Hecalae
1300 1077 1620 1127 Callimacheae,
1665 1081 1704 1116 et

164 1156 364 1208 propriam
395 1156 509 1207 quasi
542 1154 657 1194 senili
691 1153 971 1193 consuetudini
1002 1157 1136 1192 notam
1169 1151 1308 1202 fuisse,
1342 1152 1487 1190 iurare.
1548 1150 1607 1190 De
1637 1150 1703 1189 iu-

164 1227 279 1266 randi
310 1226 430 1266 modo
460 1225 648 1277 elliptico,
679 1225 748 1265 ml
771 1222 831 1274 μά
863 1220 948 1273 τόν,
979 1224 1030 1263 ου’
1057 1221 1115 1273 μά
1147 1223 1236 1262 τόνε
1272 1222 1480 1262 Iacobsius
1513 1222 1552 1261 in
1581 1221 1700 1262 Auth.

165 1299 230 1339 Gr.
262 1299 473 1338 Animam:
509 1298 596 1337 Vol.
628 1297 655 1336 Ι.
689 1297 729 1336 Ρ.
763 1297 808 1337 ΙΙ.
838 1310 874 1350 p.
898 1297 993 1337 330.
1027 1301 1067 1336 et
1102 1308 1203 1348 quos
1235 1295 1370 1335 laudat
1403 1295 1508 1335 idem
1540 1295 1625 1334 Vol.
1656 1295 1700 1335 ll.

162 1369 201 1409 Ρ.
231 1368 295 1408 111.
328 1381 365 1421 p.
393 1370 460 1408 89.
519 1369 624 1408 Add.
659 1368 897 1408 Valckenar.
930 1367 1210 1421 Callim.Eleg.
1232 1368 1293 1408 Fr.
1325 1381 1360 1421 p.
1383 1369 1448 1408 21.
1508 1368 1704 1408 Excitan-

163 1447 225 1481 tur
258 1446 387 1481 autem
419 1446 542 1481 testes
574 1443 788 1495 praecipue
820 1442 882 1481 hi:
917 1440 1233 1493 Aristophanes,
1277 1446 1316 1480 et
1354 1441 1574 1493 scriptores
1604 1440 1704 1493 Epi-

162 1517 425 1566 granimatum
454 1513 721 1564 Philodemus,
753 1514 899 1564 Strato,
928 1514 1135 1566 Diogenes
1154 1513 1335 1553 Laertius
1363 1514 1426 1553 vel
1455 1518 1574 1566 poeta
1598 1513 1702 1565 apud
1746 1554 1748 1557 ,

163 1587 411 1639 Diogenem,
442 1587 562 1627 Anth.
595 1587 673 1626 Pal.
705 1587 747 1627 T.
778 1587 806 1626 1.
836 1599 872 1639 p.
903 1586 998 1627 338.
1073 1586 1178 1626 Add.
1215 1587 1412 1640 Agathias
1454 1586 1700 1627 LXXXVlll.

160 1661 230 1710 (Λ.
263 1661 340 1701 Pal.
369 1661 410 1703 T.
442 1661 469 1700 1.
498 1674 534 1714 p.
559 1659 675 1708 474.)
707 1662 744 1700 Q,

273 1735 349 1776 Vix
380 1735 643 1775 dubitaverim
674 1735 766 1788 quin
786 1734 936 1775 Hecale
967 1735 1126 1783 dixerit,
1162 1736 1236 1774 etsi
1266 1735 1332 1774 ubi
1363 1735 1509 1774 dixerit
1537 1734 1699 1774 nescio:

797 1811 920 1861 γρῆες
951 1809 1060 1859 ἐμέν.

158 1883 239 1934 Sic,
272 1894 354 1922 non
385 1881 500 1933 ἑζιιενε
532 1883 688 1936 Fragm.
720 1882 919 1926 CCXCW.
960 1882 1065 1934 quod
1098 1881 1328 1921 Eustathius
1361 1879 1410 1920 ad
1455 1880 1602 1933 Oslyss.
1634 1881 1697 1922 lll.

159 1956 225 1996 71.
255 1968 291 2008 p.
325 1954 443 2005 1457.
477 1955 542 1996 50.
573 1967 625 1994 ex
653 1955 891 1995 Aristarcho
924 1956 1057 1994 refert.
1118 1955 1166 1994 Et
1201 1954 1323 1994 habet
1361 1954 1616 1993 Herodianus
1658 1969 1699 1992 π.

156 2026 365 2082 μοι’ήρους
397 2028 476 2076 λέξ.
506 2040 542 2080 p.
574 2030 640 2078 24,
675 2029 711 2068 3.
773 2028 923 2076 Quibus
952 2041 1059 2067 nunc
1092 2030 1266 2068 accessit
1308 2030 1419 2067 cuius
1466 2031 1556 2067 sunt
1588 2026 1700 2065 'Em-

140 2100 359 2152 ’μερισμοί
381 2101 584 2141 Homerici
618 2103 658 2141 in
688 2102 864 2142 Crameri
896 2103 1119 2143 Anccdotis
1148 2102 1316 2142 Graccis
1349 2101 1435 2141 Vol.
1468 2100 1500 2142 Ι.
1531 2112 1568 2152 p.
1603 2099 1698 2151 907,

162 2172 222 2212 18·
253 2172 290 2211 in
324 2185 359 2214 V.
383 2167 527 2214 Ἵστωε
567 2199 616 2205 —-
649 2172 763 2227 71an
795 2172 838 2214 τό
872 2172 926 2214 ἔω
957 2173 1002 2214 τό
1038 2173 1292 2227 παραγωγὸν
1321 2171 1405 2223 ἕμῐ,
1431 2170 1476 2213 τὸ
1507 2174 1697 2226 πληθυν-

154 2241 271 2284 τικὸν
301 2246 423 2297 ἐμέν·
472 2248 597 2300 γρῆες
638 2247 736 2298 ἐμὲν
825 2246 844 2287 ὁ
888 2250 1132 2301 Κυρηναῖος
1163 2246 1470 2298 Καλλᾲιαχος,
1500 2243 1596 2284 dmi
1621 2229 1700 2283 τοι]1

156 2314 292 2366 Ηῖῑῑὲν·
337 2320 414 2356 τοῦ
441 2316 539 2370 {priv
570 2317 613 2359 τὸ
644 2320 949 2371 προστακτικὸν
979 2319 1059 2370 ἔθ’,
1090 2321 1161 2359 καί
1180 2318 1430 2373 πλεονασμῷ
1449 2318 1564 2357 τοῦσ
1585 2313 1697 2355 ἔσθι’

151 2385 391 2437 Ἑκαταῖος*
420 2389 569 2431 ἐιιθάδι
600 2393 702 2443 (sic)
732 2390 827 2433 ἔσθι
845 2410 853 2418 ·
883 2388 982 2445 ὅπερ
1006 2391 1042 2433 οἱ
1070 2393 1254 2435 Ἀττικοί
1284 2391 1376 2433 ἴσθι
1398 2388 1502 2432 κατὰ
1525 2386 1696 2441 τροπήν,

155 2456 298 2513 ὥσπερ
330 2461 373 2501 τὸ
407 2460 520 2515 ἔσχω
550 2461 643 2516 ἴσχε
663 2482 672 2490 ·
719 2464 810 2517 ἴσχε
844 2468 960 2513 τέκος
988 2467 1045 2519 μὴ
1079 2467 1186 2506 m'ffl.
1248 2467 1421 2514 Quorum
1453 2469 1695 2517 posll·entutrl

155 2544 230 2571 una
265 2546 352 2574 cum
374 2534 667 2587 Choerobosci,
698 2539 746 2578 ab
779 2540 922 2579 eodem
942 2540 1132 2578 Cramero
1164 2538 1274 2588 editi,
1306 2537 1457 2578 v01.11.
1487 2549 1526 2590 p.
1541 2537 1635 2588 5250,
1655 2538 1693 2577 8.

154 2607 444 2647 observatione
479 2610 533 2655 (si
563 2615 694 2649 tamen
742 2623 789 2650 ea
828 2611 877 2651 ad
909 2611 1192 2652 Callimachum
1222 2615 1395 2663 spectat)
1434 2610 1483 2650 de
1516 2623 1552 2650 v.
1585 2612 1694 2663 πῖθι,

154 2679 425 2721 adhibendum
457 2681 506 2721 ad
537 2684 785 2734 superiorem
818 2684 1124 2737 disputationem
1157 2690 1335 2724 nostram
1358 2685 1451 2737 Cap.
1466 2685 1511 2725 V.
1542 2697 1579 2736 p.
1600 2683 1691 2725 124.

152 2752 270 2802 Ἐμέν
300 2754 407 2806 quod
441 2756 602 2804 attinet,
635 2768 656 2795 e
687 2758 950 2808 grammatico
980 2757 1158 2797 Crameri
1192 2757 1448 2798 illustrandus
1481 2758 1694 2810 Etymolo-

153 2835 230 2877 gus
261 2826 301 2866 in
330 2821 451 2869 Εἶναι
493 2833 533 2869 et
563 2821 730 2870 ''Eoth
773 2842 853 2870 nou
898 2829 1057 2871 dubium
1098 2831 1203 2871 enim
1249 2832 1342 2884 quin
1384 2831 1555 2877 eundem
1599 2832 1694 2872 velit
