1856 3126
785 123 1091 162 -260—

174 243 276 297 apud
309 241 564 294 Apollonium
594 239 656 280 lll.
690 240 809 280 1308.
839 251 926 292 sqq.
966 242 1006 279 ct
1051 237 1208 278 Baccha
1240 235 1344 289 apud
1374 234 1558 275 Nonnum
1583 231 1706 274 XXV.

171 316 253 356 Ι.1.
292 314 505 367 θηγαλέην
548 311 582 350 δ’
624 312 846 363 ἐπίκυρτον
890 307 1182 362 α’νειρύσσασα
1226 307 1422 361 κεραίην,
1510 306 1571 352 εἰς
1605 301 1708 357 γόνυ

168 388 327 438 ταῦρον
354 381 573 436 ἔκαμψεν,
605 382 883 435 α’κοντιστῆρα
914 380 1103 421 λεόντων.

287 458 346 497 De
377 457 619 508 Fragmento
639 485 650 504 ,
684 464 761 506 quo
797 452 939 503 aliquis
968 451 1113 491 Thesei
1144 451 1183 490 in
1214 462 1345 503 pugna
1381 451 1456 489 ista
1487 446 1711 487 dexterita-

172 532 250 569 tem
280 527 511 580 praedicari
543 527 741 578 opinetur,
774 523 935 563 ocelli.
966 522 1036 563 αἐἰ
1066 522 1297 576 περιδέξιος
1327 516 1462 575 ἥρως,
1497 530 1604 559 nunc
1633 517 1711 557 ali-

173 605 234 641 ter
263 599 477 640 iudicatum
509 601 571 638 est
600 596 695 648 Cap.
727 595 790 636 111.
820 598 920 634 extr.

904 808 971 849 IX.

286 962 452 1001 Restant
482 959 584 999 duae
623 959 904 1006 narratIOnes,
947 967 1050 1009 quae
1082 955 1213 994 locum
1254 954 1330 993 sibi
1370 954 1410 993 in
1441 952 1590 992 Hecale
1634 963 1711 1005 po-

175 1037 304 1075 scunt.
365 1031 494 1072 Primo
527 1031 710 1070 introitus
742 1028 887 1068 Thesei
919 1027 1085 1066 victoris
1116 1026 1154 1065 in
1186 1025 1323 1065 urbem
1355 1024 1630 1074 Athenarum,
1673 1027 1714 1063 et

179 1105 444 1153 sacrificium,
478 1103 527 1141 (16
557 1112 634 1153 quo
677 1112 794 1152 quum
830 1099 1086 1139 consentiant
1122 1102 1310 1138 auctores
1352 1096 1611 1149 gravissimi,
1647 1096 1715 1135 in-

173 1173 367 1215 credibile
395 1177 456 1212 est
487 1176 565 1211 tam
595 1175 724 1223 aptam
749 1169 1054 1210 conclusionem
1075 1168 1263 1208 carminis
1294 1168 1372 1220 sui,
1406 1172 1445 1207 et
1472 1171 1551 1207 tam
1574 1166 1714 1219 splen-

176 1246 312 1286 didum
332 1248 623 1293 ornamentum,
648 1243 887 1282 omissurum
909 1241 1033 1281 fuisse
1057 1239 1354 1281 Callimachum.
1390 1239 1553 1281 Altera:
1583 1238 1714 1279 aditus

176 1318 322 1359 Thesei
357 1317 407 1357 ad
438 1317 674 1356 exstinctam
716 1316 801 1368 ipso
835 1314 1004 1355 absente
1038 1313 1243 1364 Hecalen,
1287 1313 1336 1353 de
1369 1323 1448 1364 quo
1476 1311 1518 1351 in
1548 1311 1716 1351 univer-

182 1404 267 1432 sum
299 1401 464 1431 carmen
497 1388 625 1441 Priap.
654 1388 739 1428 XII.
773 1392 835 1439 et,
868 1386 1151 1427 Callimachum
1183 1385 1290 1438 quod
1323 1385 1487 1435 attinet,
1530 1383 1715 1423 certissi-

180 1475 285 1503 mum
327 1461 610 1501 documentum
645 1459 840 1498 habemus
880 1459 1036 1511 Fragm.
1071 1457 1272 1497 cxxxv-⁸.
1358 1455 1456 1496 Illud
1494 1455 1715 1508 quaeritur,

180 1540 310 1575 utrum
340 1534 537 1574 Theseum
569 1535 689 1583 poeta
723 1531 853 1570 statim
891 1542 912 1570 a
951 1542 1084 1583 pugna
1115 1528 1166 1569 ad
1195 1527 1402 1578 Hecalen,
1444 1539 1494 1567 an
1534 1526 1644 1578 prius
1674 1525 1715 1565 in

183 1609 340 1658 urbem,
372 1611 490 1658 atque
520 1605 614 1644 inde
636 1603 685 1644 ad
703 1602 880 1642 Hecalen
905 1601 1127 1641 deduxerit.
1180 1600 1274 1640 Mihi
1304 1599 1383 1639 hoc
1411 1598 1556 1651 placet,
1584 1608 1717 1649 quon-

188 1680 267 1719 iam
315 1680 442 1730 apt-ius
481 1681 543 1717 est
584 1675 767 1716 laudibus
797 1673 969 1714 Hecales
999 1673 1102 1713 finiri
1139 1684 1325 1722 carmen,
1354 1669 1461 1723 quod
1492 1670 1541 1710 ab
1571 1669 1721 1711 Hecale

187 1760 336 1789 nomen
371 1747 506 1798 habet,
537 1758 654 1799 quam
682 1747 724 1785 in
754 1744 987 1785 narratione
1020 1743 1069 1782 (le
1102 1747 1216 1782 tauro
1251 1742 1469 1802 immolato.
1558 1741 1630 1782 Vel
1648 1753 1722 1795 po..

184 1822 261 1861 tius
295 1833 377 1861 non
407 1821 556 1873 placet,
587 1818 660 1859 sed
694 1823 801 1857 certa
832 1829 899 1857 res
929 1821 1002 1856 est.
1063 1815 1275 1854 Herculem
1299 1815 1488 1865 decebat,
1519 1814 1583 1854 vel
1601 1816 1721 1855 etiam

187 1893 413 1944 oportebat,
444 1891 562 1930 leone
594 1889 823 1938 interfecto,
855 1888 986 1927 statim
1007 1887 1056 1926 ad
1076 1886 1324 1926 Molorchum
1355 1886 1594 1927 devertere:
1623 1899 1724 1939 pro-

185 1969 275 2016 pter
303 1968 460 2016 pactum
493 1961 587 2001 illud
619 1962 783 2013 triginta
817 1959 985 1999 dierum.
1042 1959 1103 1998 Ac
1134 1958 1252 1997 facile
1283 1958 1354 1998 suit
1383 1959 1421 1998 id
1451 1959 1588 1999 facere
1618 1958 1724 1997 Her-

190 2036 293 2085 culi,
327 2036 393 2086 qui
426 2038 622 2073 mortuum
655 2044 792 2072 seeum
822 2035 1002 2083 portaret
1029 2031 1202 2069 leonem.
1263 2030 1420 2070 Theseo
1454 2043 1541 2071 cum
1574 2030 1724 2070 Hecale

193 2107 242 2146 de
273 2106 338 2145 die
371 2106 629 2154 convenisse,
660 2116 738 2155 quo
769 2105 854 2155 ipse
872 2114 917 2142 se
939 2103 975 2141 ei
1005 2102 1247 2141 incolumem
1266 2103 1441 2152 sisteret,
1469 2114 1600 2154 neque
1624 2103 1724 2143 alius

191 2179 322 2228 tradit,
353 2189 484 2229 neque
516 2178 595 2216 hoc
624 2177 728 2216 inest
760 2176 798 2215 in
827 2175 962 2214 verbis
991 2174 1216 2214 Plutarchi:
1247 2200 1299 2205 —-
1330 2169 1594 2226 ηὔξατομὲν
1614 2173 1722 2224 ὑπὲρ

193 2251 328 2289 αὐτοῦ
360 2251 415 2306 τῷ
447 2248 525 2290 Διῒ
556 2249 800 2300 βαδίζοντος
832 2249 903 2287 ἐπί
937 2244 1013 2300 τήν
1041 2244 1212 2300 μάχην,
1248 2247 1285 2286 εἰ
1317 2246 1401 2293 σῶς
1433 2248 1726 2298 παραγένοιτο,

194 2322 367 2361 &aloem
402 2333 504 2373 quae
535 2326 647 2360 recte
677 2324 882 2360 vertuntur
911 2319 948 2358 si
975 2330 1119 2369 sospes
1152 2317 1410 2357 revertisset:
1441 2329 1557 2370 quam
1580 2318 1620 2356 in
1640 2328 1725 2357 rem

197 2394 295 2432 satis
325 2397 439 2442 erat,
471 2397 511 2431 ut
550 2392 655 2431 fama
686 2390 863 2430 Hecalen
905 2390 1091 2429 celeriter
1120 2389 1416 2429 disseminanda
1448 2388 1643 2428 edoceret
1675 2387 1726 2427 de

197 2463 341 2503 reditu.
401 2463 540 2515 Neque
573 2463 784 2503 commode
813 2462 1005 2511 Theseus,
1037 2473 1154 2513 quum
1176 2461 1352 2500 traheret
1377 2465 1466 2512 post
1492 2472 1538 2500 se
1557 2464 1726 2507 taurum,

201 2535 412 2575 devertere
445 2536 494 2574 ad
527 2535 727 2586 Hecaten,
757 2534 790 2573 si
818 2533 1063 2585 repperisset
1092 2533 1313 2583 viventem,
1344 2537 1410 2572 aut
1439 2532 1588 2571 deflere
1617 2542 1730 2571 mor-

201 2611 320 2656 tuam,
349 2612 388 2646 et
416 2607 494 2656 illa,
527 2618 629 2658 quae
651 2605 887 2655 videbimus,
919 2605 1108 2644 ordInare
1141 2605 1272 2644 omnia
1300 2608 1495 2656 potuerat.
1570 2604 1731 2643 Frustra

209 2689 386 2728 :5p0nas
419 2690 581 2718 carmen
611 2677 852 2729 Priapeium:
898 2675 1091 2727 Aequalis
1127 2676 1223 2724 tibi,
1253 2687 1373 2727 quam
1402 2675 1558 2715 domum
1586 2685 1731 2713 rever-

207 2754 293 2786 tens
327 2754 403 2788 etc.
463 2749 499 2789 Is
544 2754 662 2802 poeta
692 2749 870 2788 breviter
900 2749 1100 2800 loquitur,
1145 2753 1183 2787 et
1227 2760 1343 2799 quum
1380 2747 1429 2786 de
1471 2744 1618 2785 Hecale
1652 2756 1731 2784 anu

208 2820 360 2871 cogitet
394 2820 540 2868 unice,
572 2832 653 2860 non
684 2825 797 2860 curat
826 2820 970 2860 Thesei
1003 2822 1041 2860 in
1072 2819 1211 2859 urbem
1239 2800 1436 2857 reditum(
