1856 3126
804 127 1080 165 ...30—

173 244 291 284 iidem
321 248 359 283 el
385 249 522 286 amant
551 249 589 285 el
616 245 806 285 oderunt.-
846 255 964 283 mane
997 249 1147 294 anmnt,
1182 245 1346 296 vesperi
1383 245 1568 286 oderunt.
1626 245 1701 298 ipsi

173 328 256 357 non
283 317 380 357 satis
411 318 506 357 artis
538 318 716 357 musicae
747 316 876 368 periti,
904 316 972 367 qni
989 315 1215 367 Apollinem
1244 316 1296 356 ab
1325 317 1590 369 omnipotente
1610 316 1703 358 Sole

173 389 374 440 dirimant,
406 393 444 428 et
469 389 676 439 pernicem
702 389 992 440 Proserpinam
1025 402 1052 430 a
1076 391 1227 430 Diana.
1285 391 1374 430 Non
1403 390 1496 430 dico
1519 390 1623 430 haec
1644 390 1700 429 ita

173 465 284 501 arcte
315 461 418 500 inter
445 472 490 500 se
519 473 624 501 nexa
655 462 796 512 fuisse,
827 467 869 502 ut
899 473 977 514 ego
1010 474 1114 502 nexa
1149 463 1263 502 dedi:
1293 466 1507 514 potuerunt
1535 462 1637 500 haec
1658 461 1699 500 in

170 532 366 585 prologo,
399 518 573 574 sortasse
604 535 702 574 satis
734 534 882 588 longo,
920 538 961 574 et
991 534 1070 574 alio
1101 535 1223 574 modo
1253 546 1357 575 nexa
1388 545 1480 574 csse
1499 563 1510 584 ,
1551 538 1592 573 ct
1621 533 1700 573 alia

170 606 392 645 interiecta.

285 676 364 716 Iam
394 676 549 730 singula
580 678 862 730 pertractanda
896 684 999 719 sunt.

278 749 556 801 Fragmentum
586 750 732 791 CLXV.
766 752 868 804 μηδ’
901 750 971 790 a’n'
1003 748 1108 801 ἐμεῦ
1139 751 1292 804 (lapara
1325 754 1401 790 etc.
1443 750 1549 802 quod
1577 750 1702 791 Bent-

168 821 269 861 leius
303 822 436 862 Ovidii
460 822 624 861 Remed.
659 823 754 862 381.
788 834 929 862 versu:
964 822 1202 861 Callimachi
1232 822 1412 861 nmneris
1434 834 1515 861 non
1545 827 1606 861 est
1635 822 1701 861 di-

167 893 317 933 cenclus
346 892 538 942 Achilles,
568 894 801 945 illustrabat,
830 894 1089 934 Ruhnkenius
1124 899 1252 935 autem
1283 908 1304 935 a
1335 896 1543 946 Propertio
1574 894 1637 934 lV.
1659 896 1697 946 1,

168 964 234 1003 58.
267 965 320 1004 ita
353 977 613 1016 expressum:
661 965 738 1004 Hei
778 966 903 1020 mihi,
946 967 1053 1018 quod
1090 971 1230 1005 nostro
1269 971 1331 1006 est
1367 978 1528 1018 parvus
1558 966 1600 1005 in
1631 978 1704 1006 ore

170 1047 310 1086 sonas,
341 1038 519 1089 putabat,
553 1038 841 1078 Valckenarius
873 1040 1040 1090 primum
1071 1039 1221 1088 verbo,
1253 1039 1292 1077 in
1323 1038 1513 1089 Epistolis
1544 1052 1566 1079 a
1602 1039 1704 1079 Titt-

171 1119 317 1147 manno
348 1108 482 1160 editis,
512 1121 549 1161 p.
581 1110 651 1148 48.
689 1109 837 1148 deinde
872 1109 1059 1148 disertius
1090 1110 1131 1149 in
1164 1109 1314 1148 Callim.
1345 1109 1520 1162 Elegiar.
1543 1111 1701 1163 Fragm.

164 1191 202 1231 p.
236 1180 329 1219 281.
364 1185 406 1220 et
437 1194 473 1233 p.
501 1182 594 1221 285.
630 1181 766 1234 Elegis
796 1181 1017 1221 vindicavit
1042 1181 1286 1221 Callimachi.
1346 1182 1418 1222 Cui
1451 1182 1704 1223 accedebant

162 1251 376 1292 Ernestius
407 1258 447 1293 et
475 1253 749 1294 Ruhnkenius.
819 1253 939 1304 Mihi,
973 1254 1039 1306 qui
1070 1253 1164 1293 illud
1196 1255 1235 1293 in
1273 1255 1484 1305 prooemio
1529 1253 1700 1306 positum

163 1323 336 1364 Hecales
368 1326 568 1376 coniicio,
588 1336 692 1364 *meo
723 1325 837 1375 iure,
869 1323 992 1378 donli}
1023 1327 1129 1377 μέγα
1163 1327 1392 1379 ψοφὲουσα
1424 1330 1504 1365 tum
1536 1326 1699 1365 omnino

164 1405 211 1436 os
240 1408 410 1448 magna,
443 1407 595 1437 sonans
627 1400 705 1436 tum
736 1398 908 1436 maxime
941 1398 1152 1448 maiestas,
1184 1396 1248 1436 vel
1277 1397 1396 1436 etiam
1432 1409 1520 1437 cum
1553 1409 1698 1449 repre-

162 1466 360 1507 hensione
405 1469 536 1520 aliqua
559 1499 569 1518 ,
614 1472 745 1508 tumor
786 1473 847 1509 cst
881 1460 1069 1508 carminis
1108 1469 1293 1521 heroici,
1337 1471 1399 1510 cui
1430 1469 1695 1509 Callimachus

163 1550 275 1579 suam
308 1541 472 1592 opponit
502 1541 761 1593 tenuitatem,
791 1554 908 1594 quam
945 1554 997 1581 ne
1029 1543 1069 1582 in
1102 1543 1251 1582 l-Iecale
1281 1543 1468 1594 quidem,
1503 1542 1693 1592 carmine,

162 1611 331 1651 formam
367 1612 401 1652 si
429 1617 612 1664 spectes,
645 1613 786 1665 cpieo,
816 1613 889 1653 sed
922 1619 1157 1666 argumento
1190 1618 1308 1666 atque
1343 1613 1492 1653 ambitu
1528 1613 1692 1653 multum

161 1684 209 1723 ab
241 1683 317 1723 illis
350 1684 506 1736 magnis
545 1684 791 1724 carminibus
823 1685 1000 1725 heroicis
1039 1685 1225 1737 diverso,
1255 1685 1491 1726 deseruerit.
1561 1686 1690 1725 Etiam

161 1755 220 1794 sic
251 1760 364 1807 aptus
395 1761 479 1806 est,
521 1768 638 1808 quem
668 1756 760 1797 huic
793 1757 1019 1810 fragmento
1052 1757 1343 1798 Valckenarius
1378 1759 1591 1809 admovet,
1624 1759 1689 1799 lo„

158 1839 229 1866 cus
260 1828 452 1880 Propertii
484 1828 529 1868 II.
563 1829 598 1879 1,
621 1828 687 1868 39.
745 1830 923 1871 Noverat
950 1829 1056 1870 haud
1090 1830 1209 1870 dubie
1241 1830 1420 1870 Ilecalen
1446 1831 1690 1883 Propertius,

158 1904 198 1939 et
226 1904 358 1939 tamen
388 1900 482 1939 illud
512 1900 674 1952 scripsit
703 1901 924 1952 verissime,
954 1906 995 1942 et
1023 1914 1074 1941 ex
1103 1903 1227 1954 ipsius
1259 1903 1490 1943 Callimachi
1519 1908 1689 1944 senten—

158 1972 237 2011 tia:
278 1971 359 2010 Secl
397 1983 524 2022 neque
559 1971 803 2023 Plileqraeos
842 1973 955 2013 Iovis
1000 1973 1274 2025 Enceladique
1312 1976 1500 2015 tumultus
1530 1974 1690 2014 Intonet

158 2046 328 2094 angusto
346 2048 510 2094 pectore
529 2043 810 2085 Callimachus.
858 2046 1009 2097 Scripsi
1036 2058 1124 2086 cum
1145 2046 1412 2086 Valckenario
1441 2045 1515 2086 ἀπ’
1534 2046 1594 2099 „ein
1609 2060 1628 2085 ε
1644 2046 1685 2099 ὕ,

157 2126 209 2153 ex
238 2114 325 2165 ipso
353 2115 580 2169 Etymologi
613 2128 649 2168 p.
681 2115 789 2168 279,
822 2117 890 2157 47.
933 2117 1048 2168 loco;
1093 2123 1133 2157 et
1172 2119 1232 2157 sic
1272 2119 1351 2158 iam
1380 2119 1421 2158 in
1452 2116 1684 2157 Callimachi

156 2185 405 2237 Fragmentis
447 2200 468 2226 a
497 2187 690 2227 Vulcanio
737 2188 943 2238 collectis,
975 2201 1012 2241 p.
1050 2187 1138 2229 174.
1171 2190 1234 2229 ed.
1267 2190 1377 2229 Vulc.
1414 2201 1452 2241 p.
1483 2189 1578 2229 354.
1616 2188 1699 2228 ed,

154 2257 248 2297 Ern.
310 2257 452 2310 Vulgo,
481 2259 520 2297 in
543 2259 791 2312 Fragmentis
822 2261 1017 2312 Bentleii,
1049 2261 1119 2300 ‹in'
1151 2261 1258 2313 ἐμοῦ
1284 2261 1456 2314 legitur,
1483 2260 1680 2311 relictum,

154 2333 196 2367 ut
224 2328 341 2368 multa
375 2330 546 2380 vitiosa,
581 2342 601 2369 a
632 2331 892 2371 Blomfieldio.
954 2333 1086 2387 ὃιφᾶν
1127 2330 1390 2383 vocabulum,
1420 2333 1545 2372 semel
1575 2331 1680 2384 apud

151 2400 366 2442 Homerum
395 2401 554 2452 lectum,
584 2403 707 2442 semel
738 2404 840 2454 apud
870 2404 1113 2454 Hesiodum,
1145 2402 1409 2443 Callimachus
1438 2408 1479 2443 et
1505 2403 1570 2443 hic
1599 2403 1679 2443 ha-

151 2472 219 2511 bet
249 2477 288 2510 et
315 2473 448 2524 Epigr.
471 2472 631 2513 XXXII.
665 2475 889 2526 (XXXIII.)
923 2477 959 2515 2.
1020 2476 1155 2530 ὃιφὲω
1179 2475 1422 2527 Crinagoras
1444 2477 1484 2515 in
1502 2475 1674 2516 Brunck.

151 2543 266 2582 Anal.
284 2544 420 2583 XXIV.
440 2545 477 2582 3.
522 2545 703 2586 Placcret
735 2549 851 2587 ctiam
884 2549 922 2587 in
943 2546 1174 2587 Calliinachi
1205 2546 1339 2599 Epigr.
1360 2546 1475 2587 XLII.
1497 2547 1674 2598 (XLIII.)

150 2614 189 2652 5.
225 2614 408 2663 (Anthol.
443 2615 561 2655 Palat.
593 2617 638 2657 II.
668 2630 704 2670 p.
740 2618 858 2669 471.)
889 2620 1122 2658 coniectura
1151 2619 1340 2670 Iacobsii,
1370 2619 1564 2674 δι’φησον,
1595 2619 1675 2660 nisi

150 2687 281 2724 omnia
314 2685 543 2737 suaderent,
573 2700 720 2729 nomen
750 2690 803 2729 ibi
835 2691 1122 2730 restituendum
1154 2702 1246 2730 csse
1280 2691 1407 2742 pueri.

259 2757 537 2810 Fragmentum
571 2759 673 2799 XLII
699 2763 737 2800 ὕ.
778 2762 960 2801 consulto
994 2763 1046 2802 ita
1081 2763 1196 2814 posui
1235 2763 1274 2801 in
1317 2762 1381 2802 illa
1427 2773 1517 2800 mea
1548 2760 1673 2801 Calli-

146 2827 278 2872 111ἣοίιί
307 2831 593 2872 sententiarum
616 2834 923 2887 compositione,
955 2839 995 2875 ut
1019 2835 1204 2889 ambigua
1225 2837 1336 2874 essct
1356 2832 1665 2887 significatione.
