1856 3126
758 132 811 140 -
868 113 945 149 281
1010 102 1063 138 -'

163 234 222 268 tus
253 228 452 270 Hesiodea
486 229 574 268 suit:
605 233 693 280 post
725 229 954 279 Hesiodum,
989 234 1027 269 et
1059 230 1228 269 maxime
1259 234 1348 282 post
1377 227 1671 279 Callimachum,

162 303 304 341 usitata
333 301 543 353 Apollonio
575 299 602 338 1.
640 300 726 338 170.
760 299 821 339 lV.
858 300 974 342 1095.
1031 299 1174 340 Nonno
1207 301 1277 348 (de
1309 299 1515 348 Broncho)
1546 297 1666 337 tht.

165 373 230 428 39.
275 375 444 426 Syncsio
486 371 618 424 hymn.
653 372 677 410 l.
719 371 786 409 41.
873 368 1052 411 καλιάδα
1093 372 1186 411 dicit
1227 372 1473 412 Philodemus
1507 371 1672 422 Paralip.

164 445 320 485 lacobs.
356 457 392 497 p.
424 444 517 484 692.
562 444 680 484 Anth.
713 443 789 483 Pal.
821 443 866 483 ll.
899 456 933 495 p.
963 443 1057 483 332.
1130 444 1178 485 Ut
1222 444 1366 482 mittam
1401 455 1499 492 cos,
1532 442 1673 493 quihus

164 516 280 556 nidus
310 517 452 566 avium,
479 515 678 564 latibulum
712 515 897 564 serarum,
931 516 1047 554 ctiam
1077 515 1256 567 piscium,
1287 518 1348 553 est
1372 512 1520 553 mani:
1552 512 1674 551 Catti-

165 589 345 642 machum
373 587 410 627 h.
441 587 480 626 in
509 586 623 625 Dian.
644 585 709 626 96.
740 585 979 627 Nicandrum
998 585 1111 625 Ther.
1143 584 1236 641 45¹.-
1274 585 1520 636 Antipatrum
1540 583 1673 623 LXlll.

166 662 236 712 (A.
266 659 342 700 Pal.
371 659 399 698 Ι.
431 670 468 710 p.
499 657 615 706 367.)
646 658 684 697 3.
745 657 950 712 Oppianos
981 657 1070 705 (ubi
1099 657 1221 696 semel
1251 656 1334 696 Hal.
1362 656 1389 696 l.
1412 656 1513 695 715.
1549 668 1674 694 cavea

164 714 445 783 significatur),
474 729 588 778 alios,
614 729 730 770 etiam
760 730 958 782 Nonnum.
1017 729 1315 781 Significatione
1347 729 1478 777 mixta,
1506 732 1548 766 ut
1578 739 1677 779 ger-

163 789 319 842 manice
349 806 437 840 nest
467 802 515 841 de
541 802 688 846 ‚avibus
731 801 912 853 proprie,
947 801 997 839 de
1028 799 1259 840 hominihus·
1294 800 1437 839 dicitur
1467 811 1546 839 non
1575 811 1675 851 pro-

165 875 274 927 prie:
306 874 504 913 Theocrit.
532 863 677 915 XXIX.
713 873 776 912 12.
807 872 918 911 brevi
949 886 964 909 ι
994 871 1138 921 littera,
1168 875 1327 923 propter
1355 855 1562 911 dialectum
1585 871 1675 910 l'or-

166 949 294 1001 tasse:
329 956 428 996 quae
459 945 665 984 excusatio
696 955 775 983 non
808 943 997 982 convenit
1028 943 1066 981 in
1098 942 1503 995 Pscudophocylidem
1535 955 1571 982 v,
1603 942 1673 982 70.

166 1015 292 1054 Versu
322 1013 359 1054 4.
391 1013 589 1054 ἐπαύλων
618 1014 760 1056 Suidas
789 1016 873 1065 ipse
899 1011 1029 1066 μονήν
1057 1014 1347 1065 interpretatur.
1395 1014 1482 1054 Vid.
1504 1014 1570 1066 qui
1589 1013 1679 1053 lau-

168 1087 310 1127 dantur
339 1088 378 1126 in
410 1087 597 1139 Stephani
628 1088 832 1127 Thesauro
874 1087 968 1127 edit.
1004 1086 1123 1139 Angl.
1159 1086 1409 1136 Aeschines,
1437 1085 1679 1137 Plutarchus,

166 1160 367 1212 Polybius,
398 1164 436 1199 et
464 1164 621 1212 poetae,
649 1160 871 1210 Leonidas,
904 1160 994 1208 alii,
1028 1160 1065 1199 in
1095 1158 1352 1212 Anthologia.
1409 1159 1681 1212 Interpretan-

167 1236 238 1287 tur⁴
259 1237 385 1271 autem
410 1232 463 1271 ibi
491 1231 685 1289 villulam,
716 1232 778 1271 vel
807 1233 924 1272 etiam
959 1244 1117 1289 casam.
1166 1233 1302 1283 Neque
1331 1242 1508 1283 repugno
1531 1232 1618 1271 aliis
1639 1233 1680 1271 in

166 1303 278 1344 locis.
339 1304 385 1343 Ut
416 1303 526 1355 'apud
566 1304 815 1355 Antipatrum
846 1303 926 1345 Sid.
956 1304 1072 1344 XCV.
1113 1304 1183 1353 (Α.
1213 1304 1292 1344 Pal.
1321 1303 1365 1346 ll.
1394 1315 1430 1355 p.
1459 1302 1524 1342 50.
1564 1302 1678 1352 149.)

166 1374 232 1414 ubi
267 1371 467 1413 ἐπαύλων
496 1387 638 1414 vocem
672 1376 837 1415 illustrat
867 1377 1004 1427 posita·
1028 1375 1169 1415 eodem
1198 1376 1234 1414 in
1259 1379 1491 1428 argumento
1515 1374 1682 1416 eadem·
1720 1362 1722 1364 ’

170 1457 246 1497 que
277 1446 314 1484 in
346 1447 544 1485 sententia
575 1448 660 1486 sive
695 1448 743 1486 ab
778 1449 986 1499 Antipatro
1013 1449 1111 1487 sive
1137 1459 1164 1488 a
1200 1447 1374 1498 Philippo
1404 1459 1485 1485 vox
1520 1446 1682 1498 gemina

90 1502 116 1568 ]
169 1517 350 1571 ‚falsam
380 1519 513 1570 Antip:
542 1520 580 1560 s.
614 1520 744 1559 xciv.
780 1522 848 1569 (A.
871 1521 949 1560 Pal.
968 1520 1015 1560 11.
1050 1533 1086 1572 p.
1112 1520 1177 1559 50.
1200 1520 1311 1570 150.)
1330 1518 1490 1570 Philipp.
1521 1519 1568 1557 A.
1602 1518 1681 1559 Pal.

169 1589 215 1629 ΙΙ.
246 1602 282 1641 p.
315 1589 382 1630 87.
421 1591 514 1631 255.
581 1592 634 1632 At
673 1592 936 1641 Callimachus
981 1605 1098 1645 quum
1146 1589 1292 1642 καλιήν
1343 1591 1436 1630 dicit
1480 1602 1682 1629 commune

170 1651 577 1706 οηιίιὶῥηε-ἐπαύλιον
613 1665 759 1715 fuisse,
788 1665 996 1704 manifesto
1033 1664 1233 1705 ἐπαύλων
1262 1676 1342 1714 non
1373 1676 1466 1703 casa
1497 1669 1577 1715 est,
1609 1664 1682 1703 sed

169 1733 297 1789 pcqu‘,
336 1740 376 1774 ut
406 1739 516 1776 recte
539 1736 709 1785 Suidas:
740 1732 921 1787 mansio,
948 1739 1033 1776 sive
1064 1737 1176 1777 malis
1216 1721 1501 1776 deversorium.
1568 1737 1681 1777 Haud

151 1805 301 1861 ‘aliena
331 1812 391 1846 est
422 1810 535 1847 vocis
568 1805 743 1855 ἔπαυλις
771 1809 984 1861 explicatio
1014 1822 1090 1864 una
1122 1809 1220 1861 apud
1239 1810 1513 1862 Etymologum
1533 1822 1568 1862 p.
1591 1808 1681 1858 169,

172 1878 240 1917 52.
273 1880 344 1918 καί
373 1877 579 1931 ἐπαύλεις,
607 1877 679 1927 τὰς
707 1879 813 1929 μετά
846 1879 920 1927 τὰς
948 1879 1172 1928 κελεύθους
1206 1880 1500 1930 (ἰναηαιῖσεις.-
1546 1880 1681 1934 Ἰξίων

171 1962 254 1991 rem
283 1951 388 2002 quod
420 1953 579 2001 attinet,
610 1953 713 1993 idem
744 1958 804 1993 est
829 1950 949 2007 καλιὴ
987 1977 1033 1982 -
1069 1952 1189 2010 ξυνὸν
1220 1949 1376 1994 ἅπασιν
1408 1951 1614 2005 ἐπαύλων,
1641 1958 1681 1994 et

170 2034 287 2075 Supra
307 2024 423 2076 ,τέγος
449 2023 681 2076 αἐἐλήϊστον.
1632 2012 1635 2015 ‚

246 2286 250 2290 .
281 2228 360 2286 lnam
394 2240 471 2282 ego
504 2229 594 2270 dum
623 2229 814 2280 delibero,
846 2223 961 2284 Quem
990 2232 1105 2271 finem
1140 2231 1261 2272 fuisso
1290 2231 1476 2271 carminis
1494 2231 1679 2270 Callima-

173 2293 262 2337 chei
294 2299 436 2349 dicam,
467 2298 562 2340 nihil
593 2302 739 2351 inveni,
769 2314 898 2354 neque
922 2296 1028 2342 nunc
1060 2304 1380 2355 invenimquum
1407 2302 1507 2342 haec
1531 2313 1679 2342 secun-

174 2368 234 2408 dis
266 2371 437 2421 expolita
479 2374 583 2412 curis
614 2374 720 2430 edo,
757 2374 867 2425 quod,
907 2375 955 2413 ad
989 2387 1073 2414 rem
1118 2376 1244 2427 aptius
1287 2375 1605 2428 elegantiusque·
1629 2374 1680 2415 ad

173 2441 490 2484 concludendum
526 2457 685 2485 carmen
717 2446 860 2496 suerit,
889 2460 1003 2498 quam
1037 2433 1124 2486 illos
1156 2448 1458 2504 ipsosvversusuz

672 2579 676 2582 ῃ
842 2527 926 2579 ἴθι,
958 2534 1108 2583 πρηεῖα
1138 2532 1348 2581 γυναικῶν
1378 2535 1456 2569 etc.

172 2608 321 2654 Quibus
351 2609 506 2659 verbis,
537 2622 652 2662 quum
685 2611 864 2653 dicantur
892 2600 1123 2664 a‘Theseo,
1152 2613 1264 2653 simul
1289 2618 1432 2666 poetae
1463 2613 1678 2667 alloquutio

171 2679 222 2718 ad
255 2680 710 2722 Hecalen'continetur:
745 2696 832 2723 eum
872 2684 957 2724 sere
999 2686 1037 2724 in
1070 2686 1250 2733 modum,
1296 2697 1372 2736 quo
1412 2689 1571 2725 utuntur
1600 2684 1678 2737 hy-

170 2763 348 2792 mnorum
379 2753 623 2804 scriptores:
654 2742 788 2807 αιίὶὰρ
810 2752 889 2808 ἐγώ
906 2748 977 2795 καῖ
1004 2761 1090 2796 σεῖο
1125 2755 1197 2795 καί
1227 2749 1352 2809 ἄλλης
1381 2757 1559 2811 μνήσομ’
1580 2758 1675 2798 cim-

171 2821 258 2876 δῆς.
335 2824 383 2866 Et
429 2838 502 2866 nos
549 2839 703 2880 quoque
756 2833 923 2878 nostro,
980 2834 1018 2869 et
1059 2830 1093 2871 si
1143 2828 1234 2880 quid
1281 2830 1318 2869 in
1345 2829 1428 2883 his
1479 2831 1527 2870 sit
1571 2832 1675 2884 quod
