1856 3126
716 120 1024 158 —211—

108 234 195 274 sive
225 233 424 286 antiquior
461 235 581 275 Suida
624 237 936 288 grammaticus,
974 249 1026 277 ex
1069 248 1147 289 quo
1187 237 1360 290 profecit
1391 237 1555 289 Suidas⁷
1597 244 1639 279 ut

108 317 189 345 non
218 306 449 346 liberandus
488 306 537 346 ab
570 306 825 348 obscuritatis
863 309 1056 356 crimine,
1088 311 1141 348 ita
1183 310 1438 350 excusandus
1481 311 1639 351 videtur

109 389 182 428 eo,
214 377 319 428 quod
352 377 392 417 sit
418 377 638 426 obscurus,
674 377 764 417 dum
793 379 970 430 pressius
1000 379 1159 419 accedit
1191 380 1242 420 ad
1272 386 1479 421 auctorem
1511 395 1637 433 suum,

107 448 401 488 Callimachum.
460 447 622 488 Scilicet
653 460 770 499 quum
813 454 981 501 reputo,
1021 461 1137 501 quam
1177 462 1251 502 per
1295 464 1339 491 se
1384 452 1462 492 late
1501 459 1636 505 pateat

106 520 278 559 nominis
310 517 534 570 appellativi
565 515 756 569 αἰγιαλός
786 524 978 571 potestas,
1011 520 1108 560 nihil
1137 521 1283 574 obstat,
1317 525 1528 575 quominus
1561 526 1634 566 αἰ-

105 588 252 641 γιαλόν
283 595 400 641 poeta
435 595 558 629 totum
589 590 683 630 illud
714 592 921 631 sinuosum
952 592 1081 643 littuS‚
1116 594 1156 632 in
1187 605 1264 645 quo
1297 596 1372 635 sita
1400 596 1634 649 Hermione,

106 660 262 700 dixerit.
322 662 381 701 De
422 666 535 714 parte
577 663 663 702 eius
701 662 872 713 littoris,
911 664 951 702 in
992 676 1067 716 qua
1100 663 1124 716 ἦ
1156 664 1340 718 προτέρα
1383 665 1504 713 πόλις
1542 668 1633 716 sita,

970 731 981 744 <
1023 731 1033 743 ‚
1070 732 1082 745 ,
1125 732 1137 746 ς

102 803 300 844 vocabulo
332 804 397 844 illo
427 804 643 844 Pausanias
673 803 718 845 II.
748 803 817 851 34,
845 804 882 843 9.
913 805 1060 845 utitur:
1088 804 1192 857 μετὰ
1226 804 1381 860 ταύτην
1410 809 1633 861 (Hydream

102 875 291 923 insulam)
325 873 514 927 αἰγιαλός
553 889 595 914 τε
627 873 802 926 παρήκει
831 875 904 926 τῆς
935 873 1110 928 ἠπείρου
1142 875 1394 930 μηνοειδής,
1427 881 1498 918 καί
1529 878 1630 933 datr)

100 945 208 998 μετὰ
238 945 307 987 τὸν
339 943 512 998 αι’γαλόν
541 950 617 985 etc.
676 945 758 984 Iam
783 945 1046 986 Callimachus
1071 947 1163 999 quid
1186 948 1262 988 sibi
1284 950 1489 1001 voluisset,
1515 963 1631 1002 quum

101 1019 253 1059 diceret
288 1016 498 1070 αἰγιαλόν,
531 1017 684 1056 clarum
716 1020 802 1055 erat
832 1015 984 1068 legenti
1019 1021 1138 1070 atque
1171 1023 1262 1058 ante
1295 1020 1436 1061 oeulos
1467 1021 1630 1062 habenti

99 1090 407 1131 Callimachum:
450 1087 720 1140 praecedebat
749 1088 854 1127 enim
887 1088 1037 1128 mentio
1067 1089 1200 1141 urbis,
1231 1089 1305 1130 καί
1330 1089 1513 1143 α’,ιιπόλιν
1537 1092 1630 1144 Ἑρ-

98 1160 294 1214 μιοιινξων.
354 1161 471 1212 Apud
503 1160 690 1210 Suidam,
729 1159 797 1199 ubi
830 1159 934 1199 nulla
966 1163 1058 1198 ante
1099 1159 1210 1200 urbis
1252 1163 1423 1215 mentio,
1458 1164 1631 1205 obseura

99 1237 217 1285 atque
248 1232 432 1284 ambigua
465 1230 675 1283 appellatio
709 1234 783 1280 est,
816 1230 859 1270 ἐν
891 1230 1085 1285 αἰγιαλῷ,
1115 1235 1156 1270 et
1183 1230 1286 1271 hanc
1318 1232 1500 1275 fallacem
1533 1249 1631 1289 spe-

100 1306 203 1344 eiem
235 1304 378 1354 habet,
410 1307 452 1342 ut
479 1299 689 1354 Αἰγιαλός
729 1301 839 1352 diei,
878 1300 956 1341 hoc
999 1306 1083 1352 est,
1126 1305 1259 1342 certus
1301 1306 1460 1356 quidam
1503 1308 1630 1359 locus,

99 1375 286 1428 oppidum
316 1387 350 1414 s.
385 1375 513 1425 vicus,
553 1374 745 1413 videatur.
804 1375 1010 1426 Denique,
1041 1375 1075 1414 si
1116 1375 1204 1426 quis
1246 1377 1318 1427 sit,
1360 1379 1423 1418 cui
1453 1382 1629 1421 nondum

83 1448 394 1501 persuaserim,
427 1446 476 1484 de
512 1445 727 1485 Hermione
768 1446 876 1498 loqui
910 1445 1217 1498 Callimachum,
1258 1460 1415 1489 omnem
1455 1463 1629 1504 serupu-

99 1521 178 1561 lum
216 1514 365 1560 eximet
402 1520 601 1570 imitator,
638 1519 716 1559 hac
757 1519 915 1571 quidem
954 1520 995 1559 in
1038 1531 1108 1571 re,
1150 1520 1382 1561 Callimachi
1430 1523 1628 1576 Orpheus,

99 1590 397 1646 A1·g0n.1141.
426 1593 570 1643 [1134.
601 1591 730 1645 vulg.)
761 1589 868 1631 ἔνθα
897 1592 944 1631 δέ
975 1589 1013 1631 οἱ
1040 1590 1246 1646 χθαμαλή
1280 1609 1323 1633 τε
1354 1595 1426 1634 κατ’
1456 1591 1629 1648 εὔβοτος

96 1664 419 1718 Ἑρμιόνεια
503 1664 685 1716 τείχεσιν
733 1663 981 1717 η’ρήρεισται
1034 1663 1298 1716 ἑῦκτιμὲιάις
1338 1666 1403 1706 ἐπ’
1446 1668 1628 1719 α’γιιιαῑς,

100 1737 144 1777 ἐν
167 1737 213 1778 δὲ
232 1739 327 1790 γένη
359 1735 512 1786 ζώουσι
544 1735 817 1776 δικαιοτάτων
847 1730 1100 1789 ἀνθρώπων,
1158 1730 1299 1777 οἷσιν
1328 1737 1576 1793 &amp-thu
1589 1743 1629 1781 ε’-

51 1791 54 1793 >
100 1824 219 1856 νοις
250 1805 441 1855 ἄνεσις
470 1806 704 1848 wassoio
732 1808 1006 1851 τέτυκται.
1075 1807 1353 1849 καίδάὕταί
1380 1809 1522 1861 ψυχαὶ
1548 1828 1628 1863 με-

98 1882 296 1921 τεκίαθον
328 1880 387 1930 εἰς
414 1881 645 1933 Ἀχέροντα
704 1881 938 1932 πορθμίδος
968 1876 1013 1919 ἑκ
1041 1881 1286 1934 γλαφυρῆς·
1333 1881 1540 1933 σχεδόθεν
1578 1885 1626 1926 δέ

99 1949 137 1992 οἱ
168 1953 250 1993 εἰσι
279 1952 432 2006 πόληος
502 1947 710 2007 ἄρ’ῥηκτοί
737 1951 771 1991 τ’
799 1949 949 1992 Ἀΐδαο
979 1950 1129 2003 πύλαι,
1158 1953 1231 1992 καί
1258 1953 1391 2005 δῆμος
1417 1953 1623 2009 Ὀνείρων.

99 2025 203 2064 Dedi
235 2025 367 2064 locum
398 2024 484 2064 sere
514 2029 556 2063 ut
594 2028 655 2064 est
685 2024 734 2063 ab
774 2023 1004 2063 Hermanno
1048 2024 1295 2064 emendatus.
1372 2025 1623 2069 Praeclarum

99 2098 301 2138 inventum
334 2092 472 2145 ἄνεσις
501 2094 699 2147 ναύλοιο,
733 2107 804 2148 pro
847 2096 954 2149 vulg.
995 2095 1354 2149 ἀποφθιμένοισιν
1389 2093 1481 2146 ἅλις
1522 2102 1627 2147 ναῦς

99 2169 144 2211 ἴα
174 2171 258 2210 τέτ.
328 2170 456 2221 Digna
505 2169 622 2208 etiam
663 2168 824 2220 Orpheo
859 2168 988 2208 forma
1029 2169 1145 2209 verbi
1179 2181 1260 2210 non
1306 2171 1423 2210 valde
1466 2174 1625 2224 poetica

99 2236 258 2288 ἅνεσιςε
291 2246 352 2282 est
369 2237 520 2296 ἄφεσις
550 2241 653 2293 apud
673 2239 952 2280 Manethonem
974 2240 1037 2281 ΙΙΙ.
1059 2238 1154 2281 415.
1175 2242 1270 2282 427.
1299 2242 1424 2283 Inscr.
1445 2243 1622 2284 Boeckh.

99 2325 138 2353 n.
160 2310 254 2353 474.
286 2314 486 2354 Welcker.
505 2314 598 2366 Syll.
628 2327 665 2366 p.
693 2313 784 2354 179.
814 2318 853 2353 et
880 2312 1116 2367 ἱππάφεσιν
1132 2314 1269 2368 Epigr.
1292 2314 1441 2356 ἅδεση.
1459 2317 1621 2358 CCVIII.

100 2379 242 2432 ἄνεσις
272 2385 406 2438 Sibyll.
437 2386 538 2426 XIV.
570 2386 662 2426 247.
694 2385 857 2435 ’ξύνεσις
895 2387 972 2425 iam
1006 2386 1166 2427 Homer.
1200 2387 1275 2427 Od.
1303 2387 1352 2427 X.
1384 2389 1478 2429 515.
1538 2390 1623 2442 Igi-

99 2462 160 2497 tur
189 2458 311 2497 habet
342 2457 522 2509 Orpheus
552 2457 810 2506 Hermionen,
844 2457 964 2497 habet
990 2458 1235 2511 assignatam
1264 2459 1621 2502 Hermionensibus

97 2531 398 2570 immunitatem.
456 2529 570 2570 Haud
602 2529 720 2570 dubie
753 2542 775 2569 e
808 2529 1066 2570 Callimacho.
1124 2530 1287 2570 Tantum
1319 2534 1423 2571 enim
1453 2532 1619 2573 honoris

94 2602 306 2643 habebitur
335 2602 520 2654 Orpheo,
554 2613 635 2642 non
662 2607 703 2642 ut
732 2614 755 2642 e
783 2602 980 2644 Strabone
1013 2615 1181 2654 sapere,
1211 2602 1284 2642 sed
1314 2615 1364 2642 ex
1394 2606 1618 2657 antiquiore

97 2681 263 2717 auctore
292 2679 412 2727 poeta
443 2675 701 2714 existimetur.
760 2674 902 2715 Differt
935 2687 957 2714 a
998 2674 1267 2724 Callimacho,
1306 2679 1346 2713 et
1382 2687 1470 2714 eum
1500 2677 1617 2717 Stra-

96 2747 202 2786 bone
233 2747 329 2788 faeit
359 2758 435 2797 eo,
469 2746 575 2798 quod
615 2746 899 2786 immunitatem
930 2758 953 2787 a
982 2746 1068 2786 sola
1101 2746 1304 2785 vicinitate
1335 2749 1504 2799 repetit,
1535 2761 1617 2789 non

96 2830 118 2858 a
156 2818 316 2859 Cerere.
387 2819 565 2867 Quocum
605 2819 860 2859 coniunctum
897 2821 958 2857 est
1000 2817 1165 2859 alterum
1203 2817 1294 2858 huic
1337 2823 1481 2870 poetae
1520 2832 1619 2872 pro-
