1856 3126
753 138 1057 176 —231—

144 257 258 298 calen
278 256 505 298 referendis
525 254 823 308 mythologieis‚
853 253 1074 300 historicis,
1097 247 1384 305 geographicis
1405 245 1676 300 suspiciones,

143 329 241 371 Nam
272 329 313 368 in
343 328 435 379 illis,
465 338 563 379 quas
594 338 712 379 supra
740 339 777 379 p.
815 327 903 365 155.
935 337 1021 377 sqq.
1055 324 1241 375 apposui,
1274 321 1510 370 sententiis,
1538 323 1581 359 ut
1611 317 1678 359 di-

144 401 312 449 cebam,
341 399 598 453 generalibus
637 398 768 451 aliqua
800 402 931 438 tamen
972 397 1057 435 veri
1100 393 1315 435 similitudo
1357 394 1486 432 inerat
1530 404 1582 431 ex
1625 402 1676 431 eo

141 473 252 525 ipso,
281 472 388 524 quod
419 475 533 511 erant
566 474 644 509 tam
677 469 903 523 generales
962 468 1005 508 In
1039 468 1100 508 his
1140 468 1225 508 fere
1257 466 1376 506 nulla.
1464 465 1553 505 Non
1585 464 1678 502 ine-

140 549 247 596 ptum
276 543 488 583 videbatur
520 541 736 594 aliquando
774 540 824 581 de
867 541 1031 581 introitu
1074 539 1220 579 Thesei
1259 539 1299 578 in
1342 537 1507 587 urbem,
1546 537 1675 588 primo

140 616 234 668 illo,
267 619 474 667 acceptum
507 615 661 668 Fragm.
696 613 825 654 CXLI.

790 680 931 738 sycoss'
965 676 1124 736 ἧντησα
1153 682 1342 722 Λυκείου

366 755 494 798 καλὸν
526 755 594 796 0ἷεί
620 754 832 796 λιπόωντα
865 752 972 794 κατὰ
1004 750 1162 807 δρόμον
1187 751 1471 799 Ἀπόλλωνος.

140 830 256 870 Nunc
284 841 403 870 unum
444 834 563 868 teneo
608 828 713 877 hoc,
755 827 918 867 licuisse
958 832 1104 879 poetae
1143 826 1322 866 Theseas
1370 824 1458 863 illas
1497 824 1679 863 Athenas

143 903 262 942 etiam
293 901 342 940 iis
372 901 570 941 instruere
601 902 868 940 monumen-lis
900 899 1196 951 institutisque,
1230 897 1294 937 vel
1325 900 1677 936 monumentorum

141 973 490 1022 institutorumque
530 970 683 1022 initiis,
728 982 893 1022 quorum
939 972 1092 1010 incerta
1138 973 1251 1009 aetas
1293 968 1483 1020 nulloque
1528 968 1677 1008 idoneo

142 1045 381 1085 documento
429 1045 675 1096 temporibus
719 1044 962 1084 vindicanda
1010 1043 1154 1083 Thesei
1200 1046 1337 1094 essct3
1387 1042 1453 1082 vel
1495 1054 1679 1094 quorum,

136 1130 244 1169 *quae
274 1121 368 1156 tunc
399 1122 511 1167 erat,
546 1117 813 1157 conformatio
847 1117 897 1156 ad
936 1116 1138 1169 posterius
1169 1115 1326 1155 Theseo
1368 1119 1521 1167 tempus
1566 1117 1678 1154 certo

140 1188 358 1229 reserenda
416 1192 537 1230 esset.
621 1187 663 1227 ld
715 1187 822 1238 quod
868 1186 917 1226 de
962 1187 1098 1238 Lyceo
1149 1191 1319 1226 constat.
1395 1186 1677 1238 Fragmentum

141 1259 351 1300 CCCCXL.

794 1323 929 1380 ἄνωγε
961 1330 1005 1369 δὲ
1039 1330 1236 1382 πορθμέα
1266 1329 1448 1379 νεκραῖνε

139 1415 219 1457 quo
249 1407 486 1457 argumento
515 1401 786 1442 Blomlieldius
814 1401 865 1441 ad
899 1413 987 1441 eum
1018 1401 1149 1440 locum
1180 1401 1406 1453 pertinere,
1435 1398 1543 1438 unde
1574 1399 1676 1440 Fra-

138 1481 342 1531 gmentum
374 1475 454 1516 CX.
482 1475 743 1528 desumptum,
776 1475 980 1524 coniiciat,
1009 1485 1090 1514 non
1123 1474 1232 1514 dicit.
1279 1474 1341 1513 An
1365 1472 1439 1512 hac
1470 1472 1598 1513 solum
1620 1472 1672 1512 de

139 1560 308 1598 caussa,
338 1546 445 1600 quod
473 1547 512 1586 in
540 1551 710 1597 utroque
740 1546 889 1585 mentio
930 1546 1144 1586 Cliarontis
1189 1545 1285 1585 est?
1341 1545 1435 1585 Mihi
1484 1544 1589 1584 aliud
1633 1544 1674 1584 in

136 1624 312 1660 mentem
345 1620 467 1659 venit.
525 1620 605 1661 Sed
636 1618 714 1659 hoc
744 1619 886 1658 melius
917 1618 1136 1658 differetur.
1252 1618 1405 1658 Rursus
1436 1619 1475 1657 in
1508 1617 1673 1670 Epime-

136 1694 270 1734 rismis
299 1693 414 1733 Hom.
446 1692 601 1733 Anecd.
636 1693 702 1733 Gr.
735 1691 915 1732 Cramer.
946 1692 974 1731 l.
1006 1705 1043 1744 p.
1072 1691 1182 1742 264,
1215 1690 1280 1731 26.
1313 1689 1577 1731 memorabile
1610 1693 1673 1730 cst·

136 1768 402 1820 fragmentum
446 1764 700 1804 Callimachi:
748 1789 800 1795 -—
842 1756 961 1803 ἄλλοι
1008 1764 1054 1802 δὲ
1101 1761 1218 1816 [λαός
1255 1763 1516 1817 vocabulum]
1554 1758 1670 1814 παρὰ

134 1838 231 1888 τούς
261 1837 368 1886 λᾶας
392 1837 646 1889 ὠνομάσθαι
663 1853 671 1861 ·

303 1913 398 1951 λαοί
425 1912 719 1956 Δευκαλίωνος
749 1904 838 1950 ὅσοι
870 1904 1109 1962 γενόμεσθα
1141 1908 1260 1957 (Cod.
1292 1905 1528 1961 γενόμεθα)
1547 1922 1556 1930 ·

137 1985 430 2036 Καλλιζιιαχος.
492 1984 557 2035 qui
594 1987 659 2023 aut
689 1982 870 2022 Thessali
902 1981 1106 2021 cuiusdam
1141 1993 1274 2020 sermo
1307 1984 1368 2019 est
1398 1985 1501 2027 (non
1535 1978 1672 2018 Heca-

136 2055 222 2107 les,
255 2057 332 2095 nisi
367 2055 471 2095 forte
501 2054 646 2104 alicui,
689 2054 929 2106 Fragmento
960 2052 1132 2092 CXXIV.
1178 2053 1220 2092 in
1251 2051 1474 2091 subsidium
1506 2053 1668 2099 vocato,

135 2128 367 2168 Thessalam
407 2127 542 2167 facere
575 2126 775 2178 Hecalcn,
804 2130 921 2177 atque
964 2125 1057 2164 inde
1089 2124 1299 2163 advectam
1338 2123 1530 2177 singulari
1573 2133 1670 2162 casu

135 2201 175 2240 in
210 2202 398 2249 Atticam,
426 2199 667 2250 placuerit):
702 2203 768 2238 aut
797 2198 944 2238 dictum
976 2210 998 2237 a
1021 2197 1163 2237 nescio
1195 2207 1273 2248 quo
1303 2196 1463 2247 poetica
1483 2195 1668 2234 libertate

135 2270 199 2308 vel
231 2270 493 2322 negligentia,
526 2269 638 2308 cuius
671 2268 829 2322 quidem
861 2281 949 2308 cum
979 2268 1066 2307 aliis
1094 2268 1260 2308 Nonnus
1286 2267 1349 2306 111.
1368 2268 1461 2307 211.
1491 2266 1667 2310 vl.367.

137 2341 228 2381 coll.
273 2341 352 2381 Vll.
386 2341 452 2381 32.
492 2342 692 2394 particeps
732 2345 822 2392 est,
867 2340 916 2379 de
959 2341 1112 2380 cunctis
1155 2339 1381 2379 hominibus
1425 2337 1667 2390 generatim.

136 2412 253 2460 Quod
284 2412 397 2451 deest
431 2411 482 2451 ad
513 2424 686 2461 versum,
713 2423 795 2450 non
825 2422 903 2450 uno
933 2411 1054 2450 modo
1084 2410 1341 2463 supplebitur.
1391 2409 1565 2449 sortasse
1597 2423 1668 2460 ye-

134 2487 261 2536 yfi'ov.
321 2484 394 2523 sed
430 2487 606 2534 praestat
645 2483 793 2535 aliquid
827 2482 927 2522 tale:
969 2482 1066 2522 λαοί
1096 2484 1391 2528 Δευκαλίωνος
1423 2476 1514 2520 ὅσοι
1546 2478 1670 2532 γενό-

133 2558 275 2605 μεσθα
300 2556 516 2608 γενέθληςε
549 2554 598 2593 cf.
629 2554 782 2594 Colulll.
802 2553 896 2593 269.
925 2553 988 2592 vel
1019 2551 1534 2604 Δευκαλίωνος-βολάων.
1619 2551 1668 2591 Et

135 2626 238 2678 apud
272 2625 571 2679 Tlieognostum
599 2637 635 2676 p.
670 2624 738 2675 38,
770 2623 835 2663 23.

798 2695 850 2735 ἵν’
873 2693 1105 2746 Ἀμαζόνες
1134 2686 1285 2745 ἄνδρες
1317 2694 1456 2734 ἐῶσιν.

136 2769 200 2809 vel
231 2767 378 2809 {zoom
408 2767 538 2807 habile
571 2766 742 2806 fortasse
777 2766 827 2806 ad
857 2765 988 2806 locum
1011 2764 1060 2804 de
1084 2764 1351 2804 beneficentia
1373 2764 1556 2815 Hecales,
1585 2763 1662 2804 hac

135 2840 241 2893 lege,
271 2845 311 2880 ut
341 2836 567 2892 ciaagaveg,
595 2849 816 2890 pauperes,
847 2837 1058 2878 scribatur.
1091 2836 1149 2876 Cf.
1179 2836 1347 2890 Etymol.
1372 2837 1422 2877 M.
1444 2850 1482 2890 p.
1502 2837 1570 2888 75,
1590 2837 1660 2876 53.
