1856 3126
737 133 1041 169 -m-

132 255 174 290 ul
204 252 379 291 omillam
411 261 481 297 ea,
522 249 561 286 in
602 247 743 299 quibus
786 248 964 299 pendens
1004 260 1025 286 u
1063 246 1223 286 nomine
1267 242 1417 282 verbali
1459 241 1659 294 genitivus

129 320 305 370 accedit,
336 324 398 370 el,
430 329 594 370 quorum
624 318 799 357 infinitus
830 328 1043 367 numerus,
1075 316 1142 356 ubi
1180 314 1323 356 eodem
1365 315 1485 354 modo
1525 317 1661 353 versat

127 391 369 431 masculina:
399 394 440 429 ut
468 388 753 443 ἆμιλλητῆρι-
773 389 944 445 ταρσῷ,
973 390 1157 443 σιδήρῳ,
1187 389 1359 443 παλμῷ,
1390 388 1552 441 χαλκῷ,
1583 382 1660 423 πό-

127 465 214 518 θῳ,
240 461 413 517 χορείῃ,
444 461 596 514 δίφρον
627 460 906 514 ἁμιλλητῆρα,
936 461 1101 513 γρῦπας
1132 456 1446 511 ἁμιλλητῆρας;
1486 456 1661 510 ‹Instan-

127 534 417 587 τῆρι·πήχε“ι“,
447 534 611 587 δεσμῷ,
639 526 811 588 ὄμβρῳ,
847 533 1013 586 χαλινῷ
1032 562 1043 582 ,
1076 531 1296 584 κορῢμβῳ,
1329 531 1504 583 παλμῷ,
1536 529 1661 583 δαλῷ,

127 601 259 660 ὁλκῷ,
299 603 426 660 μύθῳ
447 636 458 655 ,
493 601 661 655 ὀδόντι,
694 604 950 655 εἱιθερεαῖνι,
981 601 1466 654 ἅπειλητῆρα-ταῦρον,
1508 601 1662 650 μῖθον,

128 677 302 727 δοῦπον,
334 672 504 727 πυρσόν,
541 673 711 726 δεσμόν,
742 674 892 727 τίγριν,
923 674 1145 724 ζωστῆρα,
1175 673 1453 723 α’πειλητῆρος
1482 670 1663 723 ὀνείρον,

129 747 417 799 ἀνθερεῶνος,
466 746 749 799 ἄπειλητῆρας
798 742 1083 798 ὀφθαλμούς,
1136 743 1407 795 ἀπειλητῆρες
1452 745 1661 793 κεραυνοί.

128 820 226 861 Sunt
264 819 340 860 alia
382 819 512 871 magis
558 819 657 857 mira
702 829 818 869 quam
848 811 982 864 ῧὸος,
1029 816 1131 868 apud
1177 813 1472 855 Callimachum.
1531 815 1579 855 Ut
1612 814 1662 853 de

129 891 273 944 quibus
310 891 567 931 Buttmannus
609 889 733 930 Lexil.
766 889 795 929 Ι.
824 901 861 941 p.
893 887 960 929 43.
993 888 1099 940 egit,
1128 889 1378 938 βιοπλανὲς,
1414 890 1453 925 et
1489 887 1663 932 Μαλοὲς

127 963 169 1003 in
205 964 360 1016 Fragm.
407 974 468 1014 ap.
510 962 680 1003 Beliker.
726 962 774 1001 A.
822 960 887 1001 Gr.
935 960 998 999 Ill.
1038 971 1075 1011 p.
1111 960 1228 999 1187.
1302 959 1440 1011 Neque
1487 959 1662 1008 ‹lpoges'm

127 1036 284 1089 Fragm.
310 1034 607 1075 CCCCXCVlll.
629 1032 768 1073 Blomf.
801 1033 960 1082 [Const.
981 1032 1167 1071 Lascaris
1198 1032 1236 1070 in
1267 1031 1370 1070 binis
1399 1030 1515 1078 locis,
1549 1026 1666 1080 Περὶ

128 1108 205 1160 τῆς
235 1108 422 1157 πέμπτης
453 1108 641 1157 κλίσεως,
674 1110 713 1145 et
742 1104 859 1158 Περὶ
886 1106 968 1144 ταῖν
997 1105 1117 1143 πέντε
1150 1104 1324 1143 κλίσεων
1353 1103 1434 1142 ταῖν
1456 1116 1662 1156 συνῃρημ.

131 1178 246 1229 ὄνομ.
280 1178 383 1218 haud
415 1177 533 1218 dubie
565 1190 615 1217 ex
637 1176 926 1216 Choerohosco
947 1187 1019 1214 suo
1038 1190 1047 1214 :
1075 1174 1198 1214 Bckk.
1221 1174 1269 1213 A.
1290 1174 1355 1213 Gr.
1377 1173 1440 1212 lll.
1463 1185 1500 1225 p.
1524 1173 1665 1221 11‘0’5.)

129 1261 210 1289 non
254 1251 356 1301 sapit
402 1249 626 1288 dialeclum.
687 1249 882 1288 Prolaluln
923 1248 1013 1288 alibi
1054 1246 1294 1301 βωιί’τῃσιν.
1362 1246 1414 1285 At
1451 1245 1668 1296 περιαγέες

130 1321 286 1373 Fragm.
319 1321 618 1362 CCCCXXIXa‘.
652 1333 781 1372 neque
825 1320 921 1360 mihi
960 1332 1005 1360 se
1050 1319 1274 1372 approbare
1305 1319 1456 1369 poluit,
1488 1321 1527 1356 et
1559 1327 1667 1357 nunc

130 1392 303 1434 feliciter
327 1394 531 1446 expulsum
561 1395 609 1433 ab
642 1394 871 1433 Hermanno
901 1397 984 1433 est:
1017 1406 1054 1433 v,
1086 1393 1179 1444 Cap.
1213 1391 1275 1432 lV.
1308 1403 1345 1443 p.
1372 1391 1461 1431 105.
1521 1389 1664 1431 Adhuc

131 1465 182 1505 de
215 1466 355 1505 formis
384 1466 597 1506 verborum
631 1465 868 1517 disputatum
898 1469 971 1506 est.
1029 1463 1146 1505 Aliud
1180 1467 1241 1503 est
1271 1475 1389 1516 quum
1417 1461 1539 1501 verba
1572 1460 1664 1500 Cal-

129 1537 324 1578 limachus
355 1549 377 1577 e
400 1537 582 1577 dialectis
606 1539 770 1578 assumit
791 1538 961 1590 integra.
1020 1537 1069 1576 Ut
1098 1536 1257 1588 oz7spu9.
1317 1533 1397 1575 Sed
1426 1533 1505 1574 hoc
1535 1537 1669 1573 lamen

134 1609 369 1662 antiquioris
397 1611 603 1661 scriptoris
632 1609 882 1662 auctoritate,
912 1609 1076 1660 eiusque
1105 1607 1253 1660 magni.
1313 1604 1466 1659 Εἴρενα
1497 1605 1670 1644 fortasse

134 1681 223 1721 sine
256 1680 333 1720 ulla
364 1681 593 1733 scriptoris,
630 1681 670 1720 h.
700 1694 736 1721 e.
772 1681 972 1722 eiusmodi
1014 1681 1249 1732 scriptoris,
1287 1679 1353 1730 qui
1393 1678 1552 1731 praeire
1591 1676 1671 1718 hoc

134 1757 280 1805 poetae
313 1757 472 1806 posset,
506 1755 759 1795 auctoritate.
830 1755 918 1795 Non
963 1758 1057 1806 pulo
1105 1754 1209 1792 enim
1253 1750 1391 1803 εἴρειά
1428 1748 1671 1789 Callimacho

134 1824 499 1865 Lacedaemonium
528 1822 667 1878 εἴρενα
697 1825 784 1865 sive
811 1824 931 1879 ἰρένα
961 1836 1065 1873 esse,
1096 1823 1168 1863 sed
1198 1823 1376 1874 quemvis
1404 1822 1586 1860 iuvenem
1619 1832 1668 1859 ea

137 1901 283 1937 aetate.
344 1896 533 1936 Certeid
564 1909 645 1937 non
675 1901 836 1949 superat
868 1896 1076 1936 audaciam
1109 1895 1225 1934 huius
1259 1898 1418 1947 poetae.
1477 1892 1537 1934 Ex
1579 1892 1669 1931 loco

138 1969 226 2021 ipso
259 1969 515 2019 Callimachi,
549 1981 665 2022 quem
695 1973 786 2022 post
825 1968 1110 2009 Blomlieldium
1150 1966 1329 2018 [Fragm.
1365 1963 1671 2010 CCCCXCVll.)

138 2042 360 2094 pleniorem
389 2054 440 2081 ex
471 2041 760 2082 Choerobosco
796 2042 1003 2081 Bekkerus
1045 2041 1093 2080 A.
1128 2039 1192 2079 Gr.
1225 2038 1287 2081 111.
1322 2051 1357 2090 p.
1393 2037 1512 2076 1198.
1557 2041 1596 2075 et
1633 2036 1674 2075 in

140 2113 413 2167 Epimerismis
450 2114 675 2154 Homericis
708 2113 920 2153 Cramerus
949 2113 998 2154 A.
1032 2112 1097 2151 Gr.
1131 2111 1159 2150 1.
1191 2123 1227 2162 p.
1258 2109 1365 2156 413,
1396 2110 1460 2147 29.
1494 2106 1672 2158 protule-

144 2191 246 2236 runt,
275 2186 371 2226 nihil
400 2187 498 2226 cerii
528 2186 674 2226 efficio.
731 2185 780 2224 Et
809 2184 1016 2224 Bekkerus
1045 2195 1162 2236 quum
1193 2181 1439 2221 exhibuisset
1470 2180 1562 2220 ἀλλ’
1585 2177 1679 2217 dtu*

144 2259 339 2311 βρεφὲων
367 2258 531 2297 πολλῶν
561 2254 698 2309 εἴρενα
726 2257 896 2306 μέσσων
926 2256 1021 2304 (sic,
1053 2254 1287 2306 imperfecto
1319 2256 1474 2299 versu),
1509 2249 1678 2289 Crame-

147 2339 215 2368 rus
245 2340 403 2369 versum
436 2330 475 2368 in
510 2341 582 2369 suo
615 2328 876 2381 grammatico
907 2327 1027 2366 mullo
1060 2338 1152 2365 esse
1186 2323 1499 2364 emendatiorem
1534 2321 1650 2361 dicit:

368 2400 458 2439 ἄλλ’
492 2400 585 2441 dvm*
611 2401 806 2453 βρεφέων
837 2396 980 2439 πολιὸν
1010 2399 1101 2437 νέον
1129 2396 1266 2448 εἴρενα
1296 2396 1464 2446 μέσσον.

148 2470 209 2510 Ex
239 2475 351 2522 parte
385 2484 534 2512 verum.
593 2472 671 2513 Sed
701 2476 862 2524 praeter
892 2469 1045 2510 πολιόν.
1119 2468 1221 2517 Quid
1262 2468 1366 2508 enim
1406 2462 1552 2504 πολιὸν
1590 2464 1680 2501 νέον

151 2554 242 2582 esse
284 2543 566 2583 censebimus?
624 2555 768 2582 canum
807 2542 1016 2589 iuvenem,
1064 2545 1105 2581 ut
1145 2544 1236 2582 sunt
1280 2548 1560 2591 nonnunquam
1604 2533 1680 2575 viri

150 2614 317 2654 iuvenes
351 2614 473 2652 cani‘?
530 2613 587 2654 Cf.
619 2619 661 2653 ut
691 2613 852 2654 afferam
886 2625 986 2667 quae
1017 2614 1144 2653 slalim
1174 2611 1223 2650 ad
1255 2622 1412 2649 manum
1440 2612 1541 2656 suut,
1571 2606 1678 2646 Gre-

152 2688 291 2739 gorius
316 2686 452 2725 Tlieol.
486 2685 612 2724 Carm.
635 2684 677 2723 ΙΙ.
703 2683 795 2724 704.
829 2689 890 2733 (et
911 2684 952 2722 L.
977 2684 1093 2732 291.)
1153 2682 1204 2721 At
1235 2685 1365 2721 tamen
1401 2691 1479 2719 non
1510 2676 1677 2729 εἴρενες,

153 2759 292 2810 vigiiili
323 2769 531 2806 annorum,
562 2760 603 2795 ut
631 2767 762 2807 spero.
820 2755 902 2795 Nisi
925 2756 1013 2806 quis
1040 2754 1115 2792 huc
1135 2756 1301 2791 revocet
1322 2747 1683 2802 πολιοκροτάφους

154 2829 331 2880 Hesiodi,
364 2829 415 2869 de
444 2828 585 2882 quibus
615 2839 741 2881 nuper
769 2827 1018 2871 Hermannus
1042 2826 1188 2879 opusc.
1219 2822 1304 2864 Vol.
1326 2822 1387 2864 Vl.
1417 2823 1456 2863 P.
1477 2822 1506 2862 1.
1527 2833 1563 2875 p.
1586 2819 1678 2861 169.
