1856 3126
784 104 1060 142 „62-

155 222 267 269 Quae
301 230 419 268 nunc,
449 222 488 257 ut
519 218 692 270 Toupius
725 219 932 260 Emendat.
963 221 1001 260 in
1030 221 1138 262 Suid.
1166 221 1204 261 P.
1230 221 1274 261 V.
1308 220 1394 261 Vol.
1424 219 1486 260 Ill.
1520 232 1557 274 p.
1595 220 1686 263 106.

155 299 192 333 et
231 292 321 334 116.
356 290 420 341 (T.
453 290 499 331 11.
530 290 593 330 ed.
627 291 731 344 Lips.
760 305 796 344 p.
830 294 922 334 230.
955 299 994 333 et
1029 294 1122 334 937.
1144 300 1226 346 sq.)
1258 293 1395 343 voluit,
1427 292 1476 332 ad
1509 292 1684 334 Hecaten

155 364 370 406 retulerim.
431 362 507 402 hac
539 367 671 403 tamen
703 365 961 419 conditione,
992 377 1073 405 non
1104 369 1145 404 ut
1176 377 1228 404 ex
1256 364 1377 417 longa
1411 370 1529 418 atque
1558 376 1685 405 accu-

152 441 240 477 rata
271 434 524 487 expositione
564 435 651 475 eius
685 435 873 487 fabulae,
903 437 1009 490 quali
1046 437 1290 489 expositioni
1323 437 1450 478 nullus
1487 438 1602 479 locus
1643 440 1683 479 in

151 508 302 549 Hecale
335 507 419 558 suit,
450 506 522 546 sed
557 511 599 547 ut
628 508 705 548 sint
736 514 881 561 poetae
915 509 1045 549 obiter
1077 521 1126 548 ac
1156 509 1378 548 summatim
1402 520 1490 548 eam
1512 509 1683 551 fabulam

148 579 529 629 commemorantis,
562 583 601 618 et
628 582 880 633 properantis
912 580 962 621 ad
996 580 1086 620 alia.
1158 581 1288 632 Atque
1332 581 1435 620 hanc
1474 582 1560 633 ipsa
1598 582 1685 622 fra-

149 656 312 706 gmenta
342 651 519 703 speciem
555 651 725 702 habent,
765 656 807 692 ut
835 664 941 692 nunc
971 651 1065 691 mihi
1100 651 1243 691 videor
1289 652 1463 692 sentire:
1511 652 1684 704 licetque

149 736 199 764 ea
228 723 268 764 in
299 736 418 763 unum
451 723 725 776 coniungere:
755 722 887 771 Quum
918 722 1003 772 (vel
1024 721 1140 772 Tum)
1161 721 1308 774 Scylla,
1339 723 1434 774 ipsa
1455 723 1560 776 reyis
1581 725 1681 777 filia,

260 793 427 837 Σκύλλα
457 793 561 847 γυνὴ
593 796 813 835 κατακᾶσα
842 795 914 834 καί
945 793 997 833 ου’
1025 793 1165 845 ψύθος
1197 790 1341 846 οὔνομ’
1367 792 1549 848 ἔχουσα,

260 868 509 923 πορφυρέην
540 862 697 922 ἤμησεν
727 864 810 908 ἄπο
839 868 979 918 κρέκα.

148 941 196 981 Ut
229 941 402 981 fortasse
431 944 512 980 tota
550 940 653 979 haec
698 939 747 979 de
790 940 894 979 bello
934 940 1140 993 Megarico
1183 939 1361 980 narratio
1410 943 1580 992 quatuor
1618 938 1682 978 vel

146 1012 322 1064 quinque
354 1010 538 1049 versibus
577 1010 760 1050 absoluta
794 1010 923 1050 suerit.
982 1009 1071 1050 Non
1118 1023 1217 1063 opus
1259 1016 1345 1051 erat
1385 1012 1546 1051 nomine
1582 1010 1679 1051 Nisi.

147 1082 263 1131 Quod
295 1081 554 1133 supplendum
588 1081 807 1122 lectoribus
837 1094 888 1120 cx
918 1083 1204 1122 recordatione
1236 1083 1394 1123 fabulae
1422 1083 1683 1134 relinqueba-

146 1160 235 1204 tur,
269 1158 311 1193 ut
340 1152 490 1192 faciunt
526 1152 633 1192 docti
664 1157 820 1205 poetae.
891 1153 942 1193 At
970 1152 1130 1205 Scyllae
1169 1165 1340 1204 nornen,
1369 1159 1411 1193 ut
1442 1155 1681 1207 significavi,

146 1226 356 1278 eleganter
384 1226 513 1277 potuit
542 1226 602 1265 bis
631 1226 746 1277 poni:
778 1224 926 1277 Scylla,
958 1239 1060 1278 quae
1096 1237 1194 1266 vero
1224 1226 1387 1265 nomine
1416 1226 1563 1278 Scylla,
1593 1226 1680 1266 h.e.

146 1297 273 1347 canis,
306 1298 449 1350 quippe
486 1297 695 1349 impudens
726 1302 844 1349 atque
875 1299 1164 1338 inverecunda.
1225 1294 1251 1337 ἁ
1283 1297 1507 1352 κυνόφρων
1539 1298 1680 1338 eadem

148 1369 259 1410 audit
291 1369 496 1421 Aeschylo
533 1369 709 1422 Choeph.
742 1369 838 1409 621.
868 1382 984 1422 quem
1015 1375 1147 1410 tamen
1175 1380 1256 1409 non
1288 1369 1488 1410 contendo
1521 1369 1572 1409 ad
1594 1371 1683 1409 ori-

150 1442 286 1494 ginem
315 1440 732 1493 significationemque
764 1443 936 1481 nominis
960 1444 1204 1494 respexisse,
1235 1454 1351 1496 quum
1372 1441 1450 1481 hoc
1471 1441 1680 1480 scriberet.

148 1514 331 1554 'festibus
362 1513 529 1553 Bentleii
564 1518 724 1565 praeter
761 1514 922 1554 Suidam
962 1526 998 1554 v,
1040 1514 1300 1563 Κατακάσα,
1344 1517 1382 1552 et
1408 1513 1680 1555 Philemonem

72 1573 76 1577 ⁴
146 1588 242 1627 Lex.
277 1585 468 1626 Technol.
510 1597 548 1624 v.
594 1584 735 1635 ³P‘1'3v9
782 1596 817 1635 p.
851 1584 944 1624 210.
986 1584 1050 1624 ed.
1082 1584 1232 1625 Osann.
1285 1597 1373 1625 cum
1408 1583 1608 1623 Favorino
1640 1582 1681 1623 in

143 1657 232 1698 ead.
264 1671 302 1698 v.
335 1658 506 1697 addatur
539 1656 707 1708 Etymol.
738 1656 837 1696 Gud.
873 1657 939 1709 ubi
974 1657 1100 1696 semel
1133 1659 1372 1709 κατακᾶσα,
1406 1656 1511 1709 quod
1541 1667 1680 1696 verum

142 1730 324 1773 videtur.
353 1728 477 1769 semel
521 1730 771 1778 κατακαῖσα,
817 1740 853 1780 p.
885 1728 979 1769 304.
1024 1733 1062 1768 ct
1102 1729 1210 1779 574,
1244 1729 1307 1769 20.
1377 1725 1519 1780 ψύθος
1555 1732 1678 1768 testes

143 1814 310 1851 omnes,
342 1800 511 1854 Etymol.
546 1799 646 1840 Gud.
678 1801 802 1839 semel
834 1802 989 1852 ψι’θος;
1019 1802 1112 1841 mihi
1135 1814 1294 1855 semper
1315 1802 1448 1842 arrisit
1476 1801 1678 1840 correctio

143 1873 460 1920 Hemsterliusii,
493 1873 645 1923 ψυθές.
705 1872 822 1919 Quod
852 1870 932 1912 α’πὸ
964 1886 1053 1913 cuin
1086 1875 1201 1914 tmesi
1235 1887 1258 1914 e
1292 1875 1525 1914 coniectura
1555 1873 1680 1912 resti-

144 1947 223 1995 tui,
258 1958 347 1985 nain
392 1944 513 1998 vulgo
555 1943 658 1995 apud
699 1944 861 1984 Suidam
894 1960 934 1983 n.
968 1940 1103 1997 ἤμησε
1146 1947 1272 1998 κρέκα
1312 1946 1483 1998 legitur,
1521 1941 1604 1983 α’πό
1636 1944 1678 1983 in

144 2018 261 2057 tmesi
294 2017 505 2069 aliquotIes
545 2016 714 2054 habetur
752 2015 853 2067 apud
886 2015 1195 2067 Callimachum,
1235 2017 1271 2056 h.
1305 2017 1388 2057 loV.
1420 2014 1486 2056 44.
1517 2015 1555 2055 h.
1586 2015 1674 2054 Cer.

142 2090 208 2129 76.
249 2089 406 2141 Fragiu.
441 2089 514 2128 CL.
553 2089 708 2139 Fragnl.
737 2087 873 2127 LXXI.
903 2087 941 2128 6.
987 2088 1193 2128 CXXVIII.
1228 2091 1260 2129 1.
1321 2083 1454 2142 ἤμησε
1495 2087 1676 2127 similiter

139 2161 340 2201 Hesiodus
370 2161 520 2212 Theog.
559 2160 645 2200 180.
683 2163 714 2199 t.
776 2162 902 2213 φίλου
940 2161 980 2199 ‹5’
1012 2158 1094 2200 ἀπὸ
1127 2161 1266 2213 μήδεα
1300 2157 1460 2212 πατρὸς
1491 2159 1677 2210 secvta-9¹·-

140 2247 219 2277 νως
251 2229 398 2285 ἤμησε.
458 2232 713 2283 Purpuream
737 2243 891 2271 comam
922 2233 1039 2271 eliam
1068 2232 1294 2284 Propertius
1330 2231 1435 2270 dicit.
1492 2230 1582 2270 Non
1602 2242 1675 2270 re·-

141 2306 228 2352 cte,
263 2302 296 2340 si
340 2314 432 2341 vera
482 2306 573 2340 sunt
616 2313 717 2354 quae
758 2301 986 2349 disputavi,
1025 2302 1304 2353 Fragmentum
1339 2301 1579 2342 CLXXXIV.
1621 2302 1672 2341 de

138 2374 262 2413 altera
294 2373 425 2425 Scylla
458 2373 659 2424 accipiunt
691 2372 1037 2421 Hemsterhusius,
1074 2373 1161 2424 (qui
1190 2377 1321 2411 tamen
1355 2371 1456 2423 apud
1486 2372 1672 2411 Gaissor-

139 2444 242 2483 diurn
269 2445 319 2484 ad
351 2444 462 2485 Suid.
495 2445 686 2493 alterum,
721 2446 966 2497 πορφυρέην
996 2437 1130 2496 ἤμησε
1159 2447 1284 2494 κρέκα
1305 2475 1315 2491 ,
1351 2443 1399 2483 de
1427 2444 1558 2495 Scylla
1588 2445 1671 2484 Nisi

137 2517 466 2567 iuterpretatur),
498 2515 767 2555 Bloinfieltlius
798 2514 926 2566 gloss.
963 2516 1001 2554 in
1033 2514 1182 2554 Aesch.
1212 2515 1356 2567 Agam.
1394 2515 1511 2554 1904.
1552 2515 1671 2554 Bois-

139 2585 330 2625 sonadius
363 2587 400 2626 in
432 2586 581 2626 Gallim.
614 2598 649 2637 p.
684 2586 776 2624 204.
837 2585 975 2636 Neque
1006 2586 1045 2624 in
1077 2597 1122 2624 se
1154 2597 1202 2624 ea
1234 2586 1382 2636 opinio,
1415 2587 1449 2625 si
1481 2587 1572 2638 quid
1604 2588 1671 2626 vi-

138 2654 233 2705 deo,
265 2656 422 2696 multum
456 2656 749 2708 probabilitatis
782 2655 913 2695 habet.
973 2656 1063 2696 Non
1092 2660 1223 2708 putem
1256 2656 1536 2696 Callimachum
1567 2669 1670 2709 poe-

134 2729 213 2763 tam
236 2755 246 2773 ,
279 2725 312 2763 si
355 2725 458 2764 hanc
497 2727 691 2767 cecinerit
729 2726 894 2768 alteram
924 2726 1120 2777 Scyllam,
1165 2739 1251 2766 eam
1295 2732 1503 2778 sequutum
1545 2729 1669 2772 fuisse

131 2797 370 2845 historiam,
415 2809 529 2848 quam
578 2810 648 2849 pro
697 2800 857 2850 antiqua
905 2799 1039 2838 sabula
1083 2803 1380 2857 supposuerunt
1428 2799 1664 2852 Heraclitus,
