1856 3126
782 105 1056 144 -43-

160 224 385 280 διάγουσαν
419 222 642 266 Ἀπόλλων
686 219 838 278 ἤγαγεν
883 220 1028 278 αύτὴν.
1088 221 1125 264 οἱ
1167 223 1235 275 δὲ,
1265 220 1363 275 τήν
1396 215 1578 274 αὖτὴν
1615 222 1677 277 τῇ

160 294 386 350 Σελήνῃ,
420 293 639 347 παράτὸ
674 293 882 347 αἴθειν,
918 294 984 343 ὥς
1013 295 1401 345 Καλλίμαχος.
1458 290 1496 333 οἱ
1526 293 1586 344 δὲ,
1618 290 1679 334 ὅτι

159 368 185 421 ἦ
216 366 318 419 αὐτή
347 366 434 406 ἐστι
461 368 511 421 τῇ
526 361 686 422 Ἑκάτῃ,
716 361 805 420 ἥτις
833 366 902 406 det*
930 367 1058 422 δᾷδας
1087 364 1269 415 κατέχει,
1293 362 1348 411 ὠς
1368 364 1677 418 Ἐρατοσθένης.

162 439 406 488 Quamquam
444 434 510 475 hic
548 448 707 490 quoque
736 438 932 477 incertum
967 441 1054 486 est,
1088 446 1204 487 quam
1247 440 1384 488 aperte
1416 435 1679 476 Callimachus

161 513 228 549 aut
258 520 374 560 quain
404 512 509 548 tecte
539 508 775 548 sententiam
805 520 917 549 suam
949 507 1103 547 dixerit.
1161 506 1278 546 Aliud
1311 506 1505 546 confusae
1537 518 1559 545 a
1585 505 1679 545 Cal-

158 581 329 622 limacho
374 581 525 621 Dianae
562 594 649 622 cum
690 582 840 621 Hecate
882 580 1102 632 exemplum
1142 579 1301 629 habeo,
1335 578 1442 630 quod
1481 582 1606 618 totum
1635 579 1677 618 in

161 656 393 695 conlectura
421 656 603 707 positum.
673 654 798 702 Quam
832 665 937 693 nunc
970 653 1276 705 disputationem
1308 650 1449 690 differo
1489 650 1605 691 alium
1637 652 1678 691 in

159 727 305 777 locum,
337 726 430 780 Cap.
462 726 510 766 X.
572 727 803 778 [Composui
834 725 926 765 alibi
958 736 1129 774 versum,
1158 734 1273 776 quem
1302 722 1450 775 primus
1481 723 1677 776 integrum

161 799 316 839 Bastius
345 799 394 839 ad
425 799 544 851 Grcg.
576 799 617 838 C.
646 810 684 850 p.
716 795 810 838 941.
839 809 890 837 ex
916 795 1085 848 Etymol.
1114 795 1185 834 Ms.
1215 794 1336 834 Paris.
1367 801 1426 844 [v.
1454 807 1561 835 nunc
1579 795 1679 848 Ety-

161 872 254 913 mol.
287 871 386 912 Gud.
415 885 452 925 p.
484 872 579 922 539,
613 871 701 919 59.)
742 870 926 923 protulit,
967 880 1085 920 quum
1125 867 1317 919 particula
1354 871 1504 907 tantum
1535 879 1677 907 versus

162 944 266 997 apud
298 944 457 984 Suidam
498 944 537 984 in
580 956 617 983 v,
648 938 758 983 ‘'Yd‘w
796 947 996 992 exstaret,
1043 953 1129 980 cum
1174 940 1413 993 Fragmento
1450 940 1679 980 Callimachi

161 1016 331 1057 LXXVI.
389 1016 502 1056 Nunc
541 1015 660 1064 vide,
704 1027 754 1053 an
797 1015 858 1054 his
899 1015 950 1054 ita
997 1015 1228 1066 compositis
1267 1013 1586 1065 subiungendum
1627 1014 1680 1052 sit

161 1089 309 1128 Callim.
340 1088 618 1140 Fragmentum
649 1086 764 1125 LXII.
798 1086 904 1137 quod
934 1098 971 1138 p.
998 1084 1066 1125 44.
1097 1086 1208 1137 attigi
1241 1090 1281 1124 et
1316 1085 1364 1124 ab
1396 1085 1545 1124 Hecale
1577 1085 1681 1124 alie-

160 1173 252 1200 num
283 1172 373 1199 esse
405 1159 506 1199 infra
538 1159 631 1210 Cap.
662 1158 713 1199 X.
743 1157 887 1198 doceo.
947 1158 1034 1206 Quo
1063 1163 1102 1197 01
1126 1159 1276 1197 initium
1305 1156 1553 1209 praeclarum
1585 1168 1680 1196 car-

161 1233 280 1273 minis
309 1232 468 1272 iambici
497 1236 536 1271 et
567 1232 897 1281 conclusionem,
926 1229 967 1270 h.
999 1242 1035 1270 e.
1066 1242 1226 1270 versum
1258 1229 1507 1269 conclusioni
1539 1229 1680 1280 proxi-

162 1318 281 1357 mum,
314 1306 377 1344 vet
406 1305 554 1357 ipsum,
589 1305 654 1356 qui
687 1302 988 1343 conclusionem
1021 1302 1214 1353 faciebat,
1246 1314 1405 1342 versum
1437 1313 1680 1353 repraesen-

162 1380 357 1420 labimus:

373 1445 514 1490 “Yam
546 1442 654 1486 ἔοικε
685 1443 761 1499 τὴν
794 1447 1005 1500 φερέζωον
1036 1444 1185 1498 κόρην,

384 1518 459 1574 τήν
481 1516 774 1573 εαἶγαμιὲμινων,
800 1514 856 1566 ὥς
889 1515 910 1557 ὃ
942 1519 1106 1569 μῦθος,
1135 1518 1304 1567 εἵσατο,

384 1593 437 1648 τῇ
468 1590 540 1631 καί
568 1592 749 1643 λίπουρα
777 1591 849 1630 καί
873 1587 1050 1640 μόνωπα
1080 1589 1244 1631 θύεται.

383 1737 502 1789 χαῖρ’
530 1730 738 1790 Εὗκολίνη
766 1768 777 1780 .
808 1765 818 1775 .
853 1766 862 1776 .
898 1769 908 1779 .
941 1765 952 1776 .
981 1765 992 1775 .
1021 1766 1031 1776 .

166 1811 408 1866 φερέζωος,
434 1820 567 1848 rarum
590 1807 841 1858 vocabulum,
871 1808 977 1860 quod
1009 1819 1087 1861 ego
1119 1819 1169 1847 ex
1185 1807 1329 1847 Nonno
1349 1804 1433 1845 XII.
1456 1804 1495 1844 ὃ.
1526 1804 1679 1856 Evang.

165 1884 303 1923 loann.
340 1893 426 1933 cap.
460 1880 502 1920 V.
532 1881 597 1921 25.
629 1879 729 1921 XVI.
752 1880 818 1920 27.
849 1892 901 1920 ex
930 1882 1080 1921 Ioanne
1112 1881 1206 1920 Gaz.
1241 1884 1281 1918 et
1299 1878 1537 1930 Apollinaris
1566 1876 1680 1916 Psal-

164 1957 240 1996 mis
271 1954 483 2004 annotavi,
515 1957 583 1992 aut
610 1952 762 1992 Dianae
790 1952 965 1992 Lucinae
996 1951 1214 2004 epitheton,
1243 1956 1309 1992 aut
1328 1952 1480 1991 Dianae
1511 1949 1682 1989 Hecates

166 2028 269 2079 erit,
298 2025 550 2079 respondens
583 2024 786 2065 Hesiodeo
818 2024 1132 2079 κουροτρόφος]

278 2170 387 2209 Haec
416 2173 507 2208 sunt
533 2169 673 2221 partim
702 2168 871 2209 Hecales
900 2169 1136 2222 fragmenta,
1167 2169 1305 2220 partim
1328 2180 1418 2208 mea
1447 2167 1679 2207 coniectura

168 2243 219 2282 ad
248 2242 426 2281 llecalen
451 2241 601 2292 relata,
630 2253 731 2293 quac
759 2242 799 2281 111
830 2243 1036 2294 prooemio
1067 2253 1172 2294 pono
1205 2254 1287 2282 non
1317 2243 1403 2281 sine
1434 2241 1553 2279 multa
1581 2251 1681 2292 pro-

168 2315 396 2364 babilitate,
426 2315 611 2367 qulnque.
671 2313 821 2362 Quibus
851 2315 926 2355 alia
955 2315 1204 2367 subiungam,
1234 2314 1283 2352 (10
1312 2312 1454 2365 quibus
1483 2311 1561 2351 hoc
1587 2315 1681 2350 tan-

170 2393 250 2428 tum
279 2391 457 2440 praesto,
481 2397 602 2439 posse
631 2397 682 2425 ex
710 2386 870 2437 Hecale,
902 2391 941 2426 ct
969 2387 1127 2438 quidem
1158 2398 1208 2425 cx
1236 2385 1444 2438 prooemio
1475 2395 1567 2424 esse
1598 2383 1682 2422 He·-

171 2461 300 2500 cales:
344 2460 397 2499 ita
435 2463 567 2499 tamen
596 2463 639 2498 111
671 2458 889 2498 concedam
933 2472 1014 2499 non
1041 2459 1186 2498 minori
1225 2457 1503 2510 probabilitate
1541 2454 1682 2495 eadem

172 2531 222 2570 ad
252 2531 365 2570 locos
396 2530 518 2581 alios,
552 2534 592 2569 01
613 2529 661 2568 ad
693 2530 865 2569 earmina
896 2530 998 2580 alia,
1027 2529 1169 2570 referri
1198 2542 1331 2582 posse.

282 2601 560 2654 Fragmentum
590 2602 740 2642 Callim.
773 2603 954 2643 CCXCII.

439 2670 596 2723 ἔλλετε,
630 2675 858 2728 βασκανιής
888 2673 1008 2715 ὀλοὸν
1035 2676 1171 2728 γένος,

175 2746 460 2786 Valckenarius
501 2747 647 2786 Callim.
690 2746 801 2799 Eleg.
841 2746 994 2799 Fragm.
1029 2759 1067 2798 p.
1101 2747 1192 2786 981.
1226 2757 1282 2798 sq.
1327 2757 1413 2784 cum
1459 2755 1537 2793 eo,
1577 2740 1684 2794 quod

174 2830 293 2871 supra
323 2818 597 2868 tractavimus,
638 2818 782 2858 CLXV.
822 2823 861 2858 et
892 2831 979 2858 cum
1011 2818 1102 2869 illo,
1133 2817 1237 2869 quod
1267 2822 1327 2857 est
1358 2815 1491 2857 CXXI.
1529 2815 1568 2854 in
1605 2825 1683 2854 una
