<?xml version="1.0" encoding="UTF-8"?>
<!DOCTYPE html PUBLIC "-//W3C//DTD XHTML 1.0 Transitional//EN"
    "http://www.w3.org/TR/xhtml1/DTD/xhtml1-transitional.dtd">
<html xmlns="http://www.w3.org/1999/xhtml" xml:lang="en" lang="en">
 <head>
  <title>
</title>
<meta http-equiv="Content-Type" content="text/html;charset=utf-8" />
  <meta name='ocr-system' content='tesseract 3.04.00' />
  <meta name='ocr-capabilities' content='ocr_page ocr_carea ocr_par ocr_line ocrx_word'/>
</head>
<body>
  <div class='ocr_page' id='page_1' title='image "./opusculaphilolog02naekuoft/opusculaphilolog02naekuoft_0132.png"; bbox 0 0 1856 3126; ppageno 0'>
   <div class='ocr_carea' id='block_1_1' title="bbox 759 111 1062 148">
    <p class='ocr_par' dir='ltr' id='par_1_1' title="bbox 759 111 1062 148">
     <span class='ocr_line' id='line_1_1' title="bbox 759 111 1062 148; baseline 0 0"><span class='ocrx_word' id='word_1_1' title='bbox 759 111 1062 148; x_wconf 71' lang='lat'>—122—</span> 
     </span>
    </p>
   </div>
   <div class='ocr_carea' id='block_1_2' title="bbox 137 224 1679 2866">
    <p class='ocr_par' dir='ltr' id='par_1_2' title="bbox 137 224 1679 2721">
     <span class='ocr_line' id='line_1_2' title="bbox 147 224 1679 280; baseline -0.002 -13"><span class='ocrx_word' id='word_1_2' title='bbox 147 226 304 267; x_wconf 81' lang='lat' dir='ltr'><strong>Deinde</strong></span> <span class='ocrx_word' id='word_1_3' title='bbox 334 237 437 278; x_wconf 87' lang='lat' dir='ltr'><strong>quae</strong></span> <span class='ocrx_word' id='word_1_4' title='bbox 468 231 698 279; x_wconf 87' lang='lat' dir='ltr'><strong>paupertate</strong></span> <span class='ocrx_word' id='word_1_5' title='bbox 730 239 777 270; x_wconf 81' lang='lat' dir='ltr'><strong>ac</strong></span> <span class='ocrx_word' id='word_1_6' title='bbox 807 228 997 269; x_wconf 82' lang='lat' dir='ltr'><strong>tenuitate</strong></span> <span class='ocrx_word' id='word_1_7' title='bbox 1027 228 1188 280; x_wconf 85' lang='lat' dir='ltr'><strong>hospitii</strong></span> <span class='ocrx_word' id='word_1_8' title='bbox 1216 226 1358 267; x_wconf 82' lang='lat' dir='ltr'><strong>similia</strong></span> <span class='ocrx_word' id='word_1_9' title='bbox 1387 224 1560 277; x_wconf 83' lang='lat' dir='ltr'><strong>hospitio</strong></span> <span class='ocrx_word' id='word_1_10' title='bbox 1589 229 1679 265; x_wconf 89' lang='lat' dir='ltr'><strong>sunt</strong></span> 
     </span>
     <span class='ocr_line' id='line_1_3' title="bbox 150 296 1679 351; baseline 0 -15"><span class='ocrx_word' id='word_1_11' title='bbox 150 297 334 336; x_wconf 85' lang='lat' dir='ltr'><strong>Hecales.</strong></span> <span class='ocrx_word' id='word_1_12' title='bbox 391 296 439 336; x_wconf 83' lang='lat' dir='ltr'><strong>Et</strong></span> <span class='ocrx_word' id='word_1_13' title='bbox 468 297 578 338; x_wconf 90' lang='lat' dir='ltr'><strong>Celei</strong></span> <span class='ocrx_word' id='word_1_14' title='bbox 604 298 906 351; x_wconf 85' lang='lat' dir='ltr'><strong>Metaniraeque</strong></span> <span class='ocrx_word' id='word_1_15' title='bbox 949 299 1173 350; x_wconf 81' lang='lat' dir='ltr'><strong>fortunam,</strong></span> <span class='ocrx_word' id='word_1_16' title='bbox 1215 311 1317 351; x_wconf 90' lang='lat' dir='ltr'><strong>quae</strong></span> <span class='ocrx_word' id='word_1_17' title='bbox 1358 297 1567 351; x_wconf 84' lang='lat' dir='ltr'><strong>splendida</strong></span> <span class='ocrx_word' id='word_1_18' title='bbox 1608 308 1679 336; x_wconf 87' lang='lat' dir='ltr'><strong>se-</strong></span> 
     </span>
     <span class='ocr_line' id='line_1_4' title="bbox 148 368 1676 423; baseline 0.001 -16"><span class='ocrx_word' id='word_1_19' title='bbox 148 368 319 408; x_wconf 87' lang='lat' dir='ltr'><strong>cundum</strong></span> <span class='ocrx_word' id='word_1_20' title='bbox 360 373 521 409; x_wconf 83' lang='lat' dir='ltr'><strong>veteres</strong></span> <span class='ocrx_word' id='word_1_21' title='bbox 558 374 727 421; x_wconf 80' lang='lat' dir='ltr'><strong>poetas,</strong></span> <span class='ocrx_word' id='word_1_22' title='bbox 771 370 823 411; x_wconf 89' lang='lat' dir='ltr'><strong>ad</strong></span> <span class='ocrx_word' id='word_1_23' title='bbox 859 370 1115 410; x_wconf 76' lang='lat' dir='ltr'>humilitatem</span> <span class='ocrx_word' id='word_1_24' title='bbox 1161 383 1208 411; x_wconf 88' lang='lat' dir='ltr'><strong>ac</strong></span> <span class='ocrx_word' id='word_1_25' title='bbox 1252 375 1524 423; x_wconf 78' lang='lat' dir='ltr'><strong>paupertatem</strong></span> <span class='ocrx_word' id='word_1_26' title='bbox 1566 370 1676 410; x_wconf 85' lang='lat' dir='ltr'><strong>sotus</strong></span> 
     </span>
     <span class='ocr_line' id='line_1_5' title="bbox 144 439 1673 495; baseline 0.002 -16"><span class='ocrx_word' id='word_1_27' title='bbox 144 439 319 480; x_wconf 83' lang='lat' dir='ltr'>sortasse</span> <span class='ocrx_word' id='word_1_28' title='bbox 341 440 509 481; x_wconf 85' lang='lat' dir='ltr'><strong>Ovidius</strong></span> <span class='ocrx_word' id='word_1_29' title='bbox 539 443 747 494; x_wconf 79' lang='lat' dir='ltr'><strong>depressit,</strong></span> <span class='ocrx_word' id='word_1_30' title='bbox 777 442 1075 483; x_wconf 80' lang='lat' dir='ltr'><strong>Fast.1V.507.</strong></span> <span class='ocrx_word' id='word_1_31' title='bbox 1100 455 1212 495; x_wconf 84' lang='lat' dir='ltr'><strong>seqq.</strong></span> <span class='ocrx_word' id='word_1_32' title='bbox 1245 456 1284 483; x_wconf 92' lang='lat' dir='ltr'><strong>v.</strong></span> <span class='ocrx_word' id='word_1_33' title='bbox 1313 442 1594 484; x_wconf 63' lang='lat' dir='ltr'><strong>maximessot).</strong></span> <span class='ocrx_word' id='word_1_34' title='bbox 1614 454 1673 495; x_wconf 89' lang='lat' dir='ltr'><strong>sq.</strong></span> 
     </span>
     <span class='ocr_line' id='line_1_6' title="bbox 142 512 1675 566; baseline 0 -13"><span class='ocrx_word' id='word_1_35' title='bbox 142 518 183 553; x_wconf 85' lang='lat' dir='ltr'><strong>et</strong></span> <span class='ocrx_word' id='word_1_36' title='bbox 214 513 309 554; x_wconf 69' lang='lat'><strong>545.</strong></span> <span class='ocrx_word' id='word_1_37' title='bbox 368 512 468 552; x_wconf 61' lang='lat' dir='ltr'><strong>Mox</strong></span> <span class='ocrx_word' id='word_1_38' title='bbox 496 513 637 563; x_wconf 77' lang='lat' dir='ltr'><strong>epulas</strong></span> <span class='ocrx_word' id='word_1_39' title='bbox 660 518 829 564; x_wconf 78' lang='lat' dir='ltr'><strong>ponunt,</strong></span> <span class='ocrx_word' id='word_1_40' title='bbox 863 514 1081 566; x_wconf 74' lang='lat' dir='ltr'><strong>quztesacta</strong></span> <span class='ocrx_word' id='word_1_41' title='bbox 1115 515 1285 566; x_wconf 62' lang='lat' dir='ltr'><strong>coagula</strong></span> <span class='ocrx_word' id='word_1_42' title='bbox 1318 515 1432 565; x_wconf 79' lang='lat' dir='ltr'><strong>lacte,</strong></span> <span class='ocrx_word' id='word_1_43' title='bbox 1458 513 1675 565; x_wconf 83' lang='lat' dir='ltr'><strong>Pomaque,</strong></span> 
     </span>
     <span class='ocr_line' id='line_1_7' title="bbox 144 584 1678 638; baseline 0.001 -15"><span class='ocrx_word' id='word_1_44' title='bbox 144 588 184 624; x_wconf 81' lang='lat' dir='ltr'><strong>et</strong></span> <span class='ocrx_word' id='word_1_45' title='bbox 210 584 252 623; x_wconf 78' lang='lat' dir='ltr'><strong>in</strong></span> <span class='ocrx_word' id='word_1_46' title='bbox 280 584 428 624; x_wconf 79' lang='lat' dir='ltr'><strong>teneris</strong></span> <span class='ocrx_word' id='word_1_47' title='bbox 461 596 591 625; x_wconf 79' lang='lat' dir='ltr'><strong>aurea</strong></span> <span class='ocrx_word' id='word_1_48' title='bbox 620 586 738 625; x_wconf 81' lang='lat' dir='ltr'><strong>mella</strong></span> <span class='ocrx_word' id='word_1_49' title='bbox 767 586 891 638; x_wconf 76' lang='lat' dir='ltr'><strong>sacis.</strong></span> <span class='ocrx_word' id='word_1_50' title='bbox 951 586 1103 638; x_wconf 87' lang='lat' dir='ltr'><strong>Pauper</strong></span> <span class='ocrx_word' id='word_1_51' title='bbox 1128 586 1267 626; x_wconf 86' lang='lat' dir='ltr'><strong>Misme</strong></span> <span class='ocrx_word' id='word_1_52' title='bbox 1314 597 1428 627; x_wconf 88' lang='lat' dir='ltr'><strong>anus.</strong></span> <span class='ocrx_word' id='word_1_53' title='bbox 1486 586 1678 626; x_wconf 85' lang='lat' dir='ltr'><strong>Tenuita-</strong></span> 
     </span>
     <span class='ocr_line' id='line_1_8' title="bbox 147 655 1678 712; baseline -0.001 -16"><span class='ocrx_word' id='word_1_54' title='bbox 147 661 225 696; x_wconf 87' lang='lat' dir='ltr'><strong>tem</strong></span> <span class='ocrx_word' id='word_1_55' title='bbox 257 669 413 697; x_wconf 88' lang='lat' dir='ltr'><strong>coenae</strong></span> <span class='ocrx_word' id='word_1_56' title='bbox 451 656 605 697; x_wconf 83' lang='lat' dir='ltr'><strong>Icariae</strong></span> <span class='ocrx_word' id='word_1_57' title='bbox 648 657 797 697; x_wconf 87' lang='lat' dir='ltr'><strong>indicat</strong></span> <span class='ocrx_word' id='word_1_58' title='bbox 838 658 1003 697; x_wconf 87' lang='lat' dir='ltr'><strong>Nonnus</strong></span> <span class='ocrx_word' id='word_1_59' title='bbox 1044 657 1195 698; x_wconf 84' lang='lat' dir='ltr'><strong>XLVII.</strong></span> <span class='ocrx_word' id='word_1_60' title='bbox 1229 657 1295 697; x_wconf 78' lang='lat'><strong>39.</strong></span> <span class='ocrx_word' id='word_1_61' title='bbox 1341 657 1460 712; x_wconf 72' lang='grc' dir='ltr'><strong><em>ὀλίγῃ</em></strong></span> <span class='ocrx_word' id='word_1_62' title='bbox 1499 655 1678 705; x_wconf 70' lang='grc' dir='ltr'><strong><em>’ξείνισσε</em></strong></span> 
     </span>
     <span class='ocr_line' id='line_1_9' title="bbox 146 727 1675 784; baseline -0.003 -15"><span class='ocrx_word' id='word_1_63' title='bbox 146 730 357 784; x_wconf 73' lang='grc' dir='ltr'><strong>τραπέζῃ,</strong></span> <span class='ocrx_word' id='word_1_64' title='bbox 390 728 463 769; x_wconf 91' lang='lat' dir='ltr'><strong>sed</strong></span> <span class='ocrx_word' id='word_1_65' title='bbox 496 740 575 768; x_wconf 87' lang='lat' dir='ltr'><strong>non</strong></span> <span class='ocrx_word' id='word_1_66' title='bbox 607 734 784 769; x_wconf 82' lang='lat' dir='ltr'><strong>moratur</strong></span> <span class='ocrx_word' id='word_1_67' title='bbox 817 741 863 769; x_wconf 88' lang='lat' dir='ltr'><strong>ea</strong></span> <span class='ocrx_word' id='word_1_68' title='bbox 894 730 932 769; x_wconf 90' lang='lat' dir='ltr'><strong>in</strong></span> <span class='ocrx_word' id='word_1_69' title='bbox 966 742 1022 768; x_wconf 85' lang='lat' dir='ltr'><strong>re.</strong></span> <span class='ocrx_word' id='word_1_70' title='bbox 1081 729 1248 781; x_wconf 83' lang='lat' dir='ltr'><strong>Aptiora</strong></span> <span class='ocrx_word' id='word_1_71' title='bbox 1279 733 1370 768; x_wconf 83' lang='lat' dir='ltr'><strong>sunt</strong></span> <span class='ocrx_word' id='word_1_72' title='bbox 1401 728 1451 768; x_wconf 91' lang='lat' dir='ltr'><strong>ad</strong></span> <span class='ocrx_word' id='word_1_73' title='bbox 1482 727 1675 774; x_wconf 87' lang='lat' dir='ltr'><strong>Hecalen,</strong></span> 
     </span>
     <span class='ocr_line' id='line_1_10' title="bbox 145 800 1677 855; baseline 0 -16"><span class='ocrx_word' id='word_1_74' title='bbox 145 812 248 852; x_wconf 88' lang='lat' dir='ltr'><strong>quae</strong></span> <span class='ocrx_word' id='word_1_75' title='bbox 276 800 500 841; x_wconf 81' lang='lat' dir='ltr'><strong>Rulmkenii</strong></span> <span class='ocrx_word' id='word_1_76' title='bbox 530 801 626 840; x_wconf 81' lang='lat' dir='ltr'><strong>felix</strong></span> <span class='ocrx_word' id='word_1_77' title='bbox 659 802 862 855; x_wconf 73' lang='lat' dir='ltr'><strong>diligentia</strong></span> <span class='ocrx_word' id='word_1_78' title='bbox 893 802 1097 842; x_wconf 72' lang='lat' dir='ltr'><strong>adhibuit:</strong></span> <span class='ocrx_word' id='word_1_79' title='bbox 1128 802 1329 842; x_wconf 86' lang='lat' dir='ltr'><strong>Philemon</strong></span> <span class='ocrx_word' id='word_1_80' title='bbox 1354 806 1393 841; x_wconf 84' lang='lat' dir='ltr'><strong>et</strong></span> <span class='ocrx_word' id='word_1_81' title='bbox 1414 801 1554 841; x_wconf 80' lang='lat' dir='ltr'><strong>Baucis</strong></span> <span class='ocrx_word' id='word_1_82' title='bbox 1576 800 1677 840; x_wconf 90' lang='lat' dir='ltr'><strong>Ovi-</strong></span> 
     </span>
     <span class='ocr_line' id='line_1_11' title="bbox 147 871 1673 927; baseline -0.001 -15"><span class='ocrx_word' id='word_1_83' title='bbox 147 872 201 912; x_wconf 90' lang='lat' dir='ltr'><strong>dii</strong></span> <span class='ocrx_word' id='word_1_84' title='bbox 231 872 297 912; x_wconf 88' lang='lat' dir='ltr'><strong>lib.</strong></span> <span class='ocrx_word' id='word_1_85' title='bbox 329 871 426 912; x_wconf 83' lang='lat' dir='ltr'><strong>Vlll.</strong></span> <span class='ocrx_word' id='word_1_86' title='bbox 459 878 499 912; x_wconf 85' lang='lat' dir='ltr'><strong>et</strong></span> <span class='ocrx_word' id='word_1_87' title='bbox 531 873 764 923; x_wconf 87' lang='lat' dir='ltr'><strong>Bronchus,</strong></span> <span class='ocrx_word' id='word_1_88' title='bbox 805 873 951 914; x_wconf 87' lang='lat' dir='ltr'><strong>Bacchi</strong></span> <span class='ocrx_word' id='word_1_89' title='bbox 993 873 1165 927; x_wconf 79' lang='lat' dir='ltr'><strong>hospes,</strong></span> <span class='ocrx_word' id='word_1_90' title='bbox 1208 874 1310 926; x_wconf 90' lang='lat' dir='ltr'><strong>apud</strong></span> <span class='ocrx_word' id='word_1_91' title='bbox 1339 875 1524 914; x_wconf 86' lang='lat' dir='ltr'><strong>Nonnnm</strong></span> <span class='ocrx_word' id='word_1_92' title='bbox 1555 873 1673 913; x_wconf 92' lang='lat' dir='ltr'><strong>XVll.</strong></span> 
     </span>
     <span class='ocr_line' id='line_1_12' title="bbox 145 944 1674 997; baseline 0 -14"><span class='ocrx_word' id='word_1_93' title='bbox 145 944 212 984; x_wconf 83' lang='lat'><strong>37.</strong></span> <span class='ocrx_word' id='word_1_94' title='bbox 233 955 344 995; x_wconf 89' lang='lat' dir='ltr'><strong>seqq.</strong></span> <span class='ocrx_word' id='word_1_95' title='bbox 380 944 467 984; x_wconf 86' lang='lat' dir='ltr'><strong>Vid.</strong></span> <span class='ocrx_word' id='word_1_96' title='bbox 488 944 538 984; x_wconf 89' lang='lat' dir='ltr'><strong>de</strong></span> <span class='ocrx_word' id='word_1_97' title='bbox 560 945 790 985; x_wconf 87' lang='lat' dir='ltr'><strong>Philemone</strong></span> <span class='ocrx_word' id='word_1_98' title='bbox 815 950 853 984; x_wconf 81' lang='lat' dir='ltr'><strong>et</strong></span> <span class='ocrx_word' id='word_1_99' title='bbox 880 945 1053 984; x_wconf 83' lang='lat' dir='ltr'><strong>Baucide</strong></span> <span class='ocrx_word' id='word_1_100' title='bbox 1085 945 1344 985; x_wconf 84' lang='lat' dir='ltr'><strong>Ruhnkenius</strong></span> <span class='ocrx_word' id='word_1_101' title='bbox 1376 947 1415 985; x_wconf 88' lang='lat' dir='ltr'><strong>in</strong></span> <span class='ocrx_word' id='word_1_102' title='bbox 1444 945 1566 997; x_wconf 81' lang='lat' dir='ltr'><strong>Epist.</strong></span> <span class='ocrx_word' id='word_1_103' title='bbox 1587 944 1674 983; x_wconf 87' lang='lat' dir='ltr'><strong>crit.</strong></span> 
     </span>
     <span class='ocr_line' id='line_1_13' title="bbox 146 1016 1673 1069; baseline 0 -14"><span class='ocrx_word' id='word_1_104' title='bbox 146 1016 192 1056; x_wconf 89' lang='lat' dir='ltr'><strong>ll.</strong></span> <span class='ocrx_word' id='word_1_105' title='bbox 223 1029 260 1068; x_wconf 88' lang='lat' dir='ltr'><strong>p.</strong></span> <span class='ocrx_word' id='word_1_106' title='bbox 283 1017 371 1057; x_wconf 80' lang='lat'><strong>186.</strong></span> <span class='ocrx_word' id='word_1_107' title='bbox 407 1017 457 1056; x_wconf 87' lang='lat' dir='ltr'><strong>ad</strong></span> <span class='ocrx_word' id='word_1_108' title='bbox 487 1017 583 1056; x_wconf 88' lang='lat' dir='ltr'><strong>Call.</strong></span> <span class='ocrx_word' id='word_1_109' title='bbox 610 1017 769 1069; x_wconf 85' lang='lat' dir='ltr'><strong>Fragm.</strong></span> <span class='ocrx_word' id='word_1_110' title='bbox 804 1017 897 1056; x_wconf 72' lang='lat'><strong>937.</strong></span> <span class='ocrx_word' id='word_1_111' title='bbox 927 1022 966 1056; x_wconf 89' lang='lat' dir='ltr'><strong>et</strong></span> <span class='ocrx_word' id='word_1_112' title='bbox 998 1017 1090 1056; x_wconf 74' lang='lat'><strong>946.</strong></span> <span class='ocrx_word' id='word_1_113' title='bbox 1125 1017 1297 1069; x_wconf 76' lang='lat' dir='ltr'><strong>itemque</strong></span> <span class='ocrx_word' id='word_1_114' title='bbox 1327 1017 1377 1056; x_wconf 89' lang='lat' dir='ltr'><strong>ad</strong></span> <span class='ocrx_word' id='word_1_115' title='bbox 1410 1017 1505 1056; x_wconf 88' lang='lat' dir='ltr'><strong>Call.</strong></span> <span class='ocrx_word' id='word_1_116' title='bbox 1534 1016 1571 1055; x_wconf 89' lang='lat' dir='ltr'><strong>h.</strong></span> <span class='ocrx_word' id='word_1_117' title='bbox 1591 1016 1673 1056; x_wconf 85' lang='lat' dir='ltr'><strong>lov.</strong></span> 
     </span>
     <span class='ocr_line' id='line_1_14' title="bbox 147 1087 1676 1142; baseline -0.001 -13"><span class='ocrx_word' id='word_1_118' title='bbox 147 1091 213 1130; x_wconf 72' lang='lat'><strong>29.</strong></span> <span class='ocrx_word' id='word_1_119' title='bbox 248 1094 287 1129; x_wconf 86' lang='lat' dir='ltr'><strong>et</strong></span> <span class='ocrx_word' id='word_1_120' title='bbox 318 1100 455 1128; x_wconf 82' lang='lat' dir='ltr'><strong>rursus</strong></span> <span class='ocrx_word' id='word_1_121' title='bbox 488 1089 527 1128; x_wconf 91' lang='lat' dir='ltr'><strong>in</strong></span> <span class='ocrx_word' id='word_1_122' title='bbox 560 1088 803 1128; x_wconf 77' lang='lat' dir='ltr'><strong>Callimacho</strong></span> <span class='ocrx_word' id='word_1_123' title='bbox 845 1089 1021 1128; x_wconf 86' lang='lat' dir='ltr'><strong>Ernestii</strong></span> <span class='ocrx_word' id='word_1_124' title='bbox 1065 1088 1116 1127; x_wconf 87' lang='lat' dir='ltr'><strong>ad</strong></span> <span class='ocrx_word' id='word_1_125' title='bbox 1162 1089 1318 1142; x_wconf 83' lang='lat' dir='ltr'><strong>Fragm.</strong></span> <span class='ocrx_word' id='word_1_126' title='bbox 1351 1087 1574 1128; x_wconf 89' lang='lat' dir='ltr'><strong>CCCCLIX.</strong></span> <span class='ocrx_word' id='word_1_127' title='bbox 1606 1088 1676 1127; x_wconf 90' lang='lat' dir='ltr'><strong>ubi</strong></span> 
     </span>
     <span class='ocr_line' id='line_1_15' title="bbox 146 1158 1675 1212; baseline -0.002 -11"><span class='ocrx_word' id='word_1_128' title='bbox 146 1162 277 1201; x_wconf 83' lang='lat' dir='ltr'><strong>obiter</strong></span> <span class='ocrx_word' id='word_1_129' title='bbox 305 1160 532 1200; x_wconf 90' lang='lat' dir='ltr'><strong>Casauboni</strong></span> <span class='ocrx_word' id='word_1_130' title='bbox 563 1171 743 1200; x_wconf 88' lang='lat' dir='ltr'><strong>errorem</strong></span> <span class='ocrx_word' id='word_1_131' title='bbox 785 1164 824 1200; x_wconf 88' lang='lat' dir='ltr'><strong>et</strong></span> <span class='ocrx_word' id='word_1_132' title='bbox 851 1161 937 1201; x_wconf 83' lang='lat' dir='ltr'><strong>Nic.</strong></span> <span class='ocrx_word' id='word_1_133' title='bbox 971 1161 1126 1200; x_wconf 89' lang='lat' dir='ltr'><strong>Heinsii</strong></span> <span class='ocrx_word' id='word_1_134' title='bbox 1158 1160 1350 1212; x_wconf 80' lang='lat' dir='ltr'><strong>castigat,</strong></span> <span class='ocrx_word' id='word_1_135' title='bbox 1387 1160 1454 1211; x_wconf 85' lang='lat' dir='ltr'><strong>qui</strong></span> <span class='ocrx_word' id='word_1_136' title='bbox 1488 1158 1675 1199; x_wconf 87' lang='lat' dir='ltr'><strong>Baucidis</strong></span> 
     </span>
     <span class='ocr_line' id='line_1_16' title="bbox 145 1231 1675 1285; baseline -0.003 -12"><span class='ocrx_word' id='word_1_137' title='bbox 145 1235 389 1274; x_wconf 82' lang='lat' dir='ltr'><strong>mentionem</strong></span> <span class='ocrx_word' id='word_1_138' title='bbox 433 1232 537 1285; x_wconf 87' lang='lat' dir='ltr'><strong>apud</strong></span> <span class='ocrx_word' id='word_1_139' title='bbox 582 1232 864 1272; x_wconf 87' lang='lat' dir='ltr'><strong>Callimachum</strong></span> <span class='ocrx_word' id='word_1_140' title='bbox 912 1233 951 1272; x_wconf 90' lang='lat' dir='ltr'><strong>in</strong></span> <span class='ocrx_word' id='word_1_141' title='bbox 986 1233 1157 1279; x_wconf 75' lang='grc' dir='ltr'><em>Αἰτίοις</em></span> <span class='ocrx_word' id='word_1_142' title='bbox 1195 1231 1318 1270; x_wconf 92' lang='lat' dir='ltr'><strong>suisse</strong></span> <span class='ocrx_word' id='word_1_143' title='bbox 1360 1231 1555 1271; x_wconf 81' lang='lat' dir='ltr'><strong>dixerant.</strong></span> <span class='ocrx_word' id='word_1_144' title='bbox 1614 1231 1675 1270; x_wconf 90' lang='lat' dir='ltr'><strong>De</strong></span> 
     </span>
     <span class='ocr_line' id='line_1_17' title="bbox 143 1303 1675 1357; baseline -0.003 -11"><span class='ocrx_word' id='word_1_145' title='bbox 143 1306 331 1347; x_wconf 85' lang='lat' dir='ltr'><strong>Broucho</strong></span> <span class='ocrx_word' id='word_1_146' title='bbox 364 1304 469 1345; x_wconf 91' lang='lat' dir='ltr'><strong>idem</strong></span> <span class='ocrx_word' id='word_1_147' title='bbox 499 1306 539 1345; x_wconf 88' lang='lat' dir='ltr'><strong>in</strong></span> <span class='ocrx_word' id='word_1_148' title='bbox 568 1305 692 1357; x_wconf 82' lang='lat' dir='ltr'><strong>Epist.</strong></span> <span class='ocrx_word' id='word_1_149' title='bbox 728 1305 812 1345; x_wconf 89' lang='lat' dir='ltr'><strong>crit.</strong></span> <span class='ocrx_word' id='word_1_150' title='bbox 843 1304 888 1347; x_wconf 88' lang='grc' dir='ltr'><strong>ΙΙ.</strong></span> <span class='ocrx_word' id='word_1_151' title='bbox 922 1317 958 1356; x_wconf 90' lang='lat' dir='ltr'><strong>p.</strong></span> <span class='ocrx_word' id='word_1_152' title='bbox 994 1305 1082 1344; x_wconf 72' lang='lat'><strong>179.</strong></span> <span class='ocrx_word' id='word_1_153' title='bbox 1115 1303 1164 1344; x_wconf 90' lang='lat' dir='ltr'><strong>ad</strong></span> <span class='ocrx_word' id='word_1_154' title='bbox 1193 1304 1286 1344; x_wconf 84' lang='lat' dir='ltr'><strong>Call.</strong></span> <span class='ocrx_word' id='word_1_155' title='bbox 1318 1305 1379 1344; x_wconf 92' lang='lat' dir='ltr'><strong>Fr.</strong></span> <span class='ocrx_word' id='word_1_156' title='bbox 1403 1304 1468 1344; x_wconf 78' lang='lat'><strong>50.</strong></span> <span class='ocrx_word' id='word_1_157' title='bbox 1527 1303 1575 1343; x_wconf 86' lang='lat' dir='ltr'><strong>Et</strong></span> <span class='ocrx_word' id='word_1_158' title='bbox 1595 1303 1675 1343; x_wconf 86' lang='lat' dir='ltr'><strong>hoc</strong></span> 
     </span>
     <span class='ocr_line' id='line_1_18' title="bbox 143 1375 1674 1431; baseline -0.003 -12"><span class='ocrx_word' id='word_1_159' title='bbox 143 1378 305 1431; x_wconf 89' lang='lat' dir='ltr'><strong>quidem</strong></span> <span class='ocrx_word' id='word_1_160' title='bbox 338 1382 488 1418; x_wconf 90' lang='lat' dir='ltr'><strong>certum</strong></span> <span class='ocrx_word' id='word_1_161' title='bbox 518 1381 640 1429; x_wconf 90' lang='lat' dir='ltr'><strong>puto,</strong></span> <span class='ocrx_word' id='word_1_162' title='bbox 671 1376 926 1415; x_wconf 87' lang='lat' dir='ltr'><strong>obversatam</strong></span> <span class='ocrx_word' id='word_1_163' title='bbox 969 1387 1060 1414; x_wconf 90' lang='lat' dir='ltr'><strong>esse</strong></span> <span class='ocrx_word' id='word_1_164' title='bbox 1105 1380 1182 1415; x_wconf 90' lang='lat' dir='ltr'><strong>tum</strong></span> <span class='ocrx_word' id='word_1_165' title='bbox 1224 1375 1370 1415; x_wconf 82' lang='lat' dir='ltr'><strong>Ovidio</strong></span> <span class='ocrx_word' id='word_1_166' title='bbox 1410 1379 1489 1414; x_wconf 84' lang='lat' dir='ltr'><strong>tum</strong></span> <span class='ocrx_word' id='word_1_167' title='bbox 1530 1375 1674 1414; x_wconf 88' lang='lat' dir='ltr'><strong>Nonno</strong></span> 
     </span>
     <span class='ocr_line' id='line_1_19' title="bbox 144 1446 1674 1495; baseline -0.002 -7"><span class='ocrx_word' id='word_1_168' title='bbox 144 1449 322 1489; x_wconf 82' lang='lat' dir='ltr'><strong>Hecaten</strong></span> <span class='ocrx_word' id='word_1_169' title='bbox 353 1448 597 1488; x_wconf 85' lang='lat' dir='ltr'><strong>Callimachi.</strong></span> <span class='ocrx_word' id='word_1_170' title='bbox 657 1448 781 1495; x_wconf 85' lang='lat' dir='ltr'><strong>Quam</strong></span> <span class='ocrx_word' id='word_1_171' title='bbox 812 1452 922 1487; x_wconf 82' lang='lat' dir='ltr'><strong>recte</strong></span> <span class='ocrx_word' id='word_1_172' title='bbox 944 1448 1111 1487; x_wconf 85' lang='lat' dir='ltr'><strong>Ovidius</strong></span> <span class='ocrx_word' id='word_1_173' title='bbox 1137 1446 1214 1487; x_wconf 87' lang='lat' dir='ltr'><strong>hoc</strong></span> <span class='ocrx_word' id='word_1_174' title='bbox 1243 1446 1307 1485; x_wconf 74' lang='lat' dir='ltr'><strong>vel</strong></span> <span class='ocrx_word' id='word_1_175' title='bbox 1337 1446 1431 1486; x_wconf 89' lang='lat' dir='ltr'><strong>illud</strong></span> <span class='ocrx_word' id='word_1_176' title='bbox 1454 1459 1506 1486; x_wconf 84' lang='lat' dir='ltr'><strong>ex</strong></span> <span class='ocrx_word' id='word_1_177' title='bbox 1525 1446 1674 1485; x_wconf 84' lang='lat' dir='ltr'><strong>Hecale</strong></span> 
     </span>
     <span class='ocr_line' id='line_1_20' title="bbox 141 1519 1676 1570; baseline -0.001 -10"><span class='ocrx_word' id='word_1_178' title='bbox 141 1521 401 1560; x_wconf 74' lang='lat' dir='ltr'><strong>transtulisse</strong></span> <span class='ocrx_word' id='word_1_179' title='bbox 432 1520 482 1560; x_wconf 88' lang='lat' dir='ltr'><strong>ad</strong></span> <span class='ocrx_word' id='word_1_180' title='bbox 503 1519 769 1560; x_wconf 85' lang='lat' dir='ltr'><strong>Philemonem</strong></span> <span class='ocrx_word' id='word_1_181' title='bbox 792 1524 831 1559; x_wconf 87' lang='lat' dir='ltr'><strong>et</strong></span> <span class='ocrx_word' id='word_1_182' title='bbox 851 1520 1063 1560; x_wconf 87' lang='lat' dir='ltr'><strong>Baucidcm</strong></span> <span class='ocrx_word' id='word_1_183' title='bbox 1088 1520 1253 1570; x_wconf 85' lang='lat' dir='ltr'><strong>dicatur,</strong></span> <span class='ocrx_word' id='word_1_184' title='bbox 1286 1520 1445 1559; x_wconf 84' lang='lat' dir='ltr'><strong>dubium</strong></span> <span class='ocrx_word' id='word_1_185' title='bbox 1475 1524 1548 1559; x_wconf 85' lang='lat' dir='ltr'><strong>est.</strong></span> <span class='ocrx_word' id='word_1_186' title='bbox 1592 1519 1676 1558; x_wconf 90' lang='lat' dir='ltr'><strong>Nos</strong></span> 
     </span>
     <span class='ocr_line' id='line_1_21' title="bbox 144 1591 1674 1643; baseline -0.001 -11"><span class='ocrx_word' id='word_1_187' title='bbox 144 1593 327 1632; x_wconf 83' lang='lat' dir='ltr'><strong>ordinem</strong></span> <span class='ocrx_word' id='word_1_188' title='bbox 361 1592 531 1631; x_wconf 85' lang='lat' dir='ltr'><strong>maxime</strong></span> <span class='ocrx_word' id='word_1_189' title='bbox 560 1604 708 1641; x_wconf 89' lang='lat' dir='ltr'><strong>rerum,</strong></span> <span class='ocrx_word' id='word_1_190' title='bbox 740 1603 855 1643; x_wconf 93' lang='lat' dir='ltr'><strong>quem</strong></span> <span class='ocrx_word' id='word_1_191' title='bbox 886 1591 1077 1632; x_wconf 80' lang='lat' dir='ltr'><strong>observat</strong></span> <span class='ocrx_word' id='word_1_192' title='bbox 1100 1592 1279 1641; x_wconf 77' lang='lat' dir='ltr'><strong>Ovidius,</strong></span> <span class='ocrx_word' id='word_1_193' title='bbox 1313 1591 1518 1643; x_wconf 85' lang='lat' dir='ltr'><strong>sequuturi</strong></span> <span class='ocrx_word' id='word_1_194' title='bbox 1539 1601 1674 1631; x_wconf 90' lang='lat' dir='ltr'><strong>sumus</strong></span> 
     </span>
     <span class='ocr_line' id='line_1_22' title="bbox 142 1663 1674 1716; baseline -0.001 -13"><span class='ocrx_word' id='word_1_195' title='bbox 142 1664 183 1704; x_wconf 90' lang='lat' dir='ltr'><strong>in</strong></span> <span class='ocrx_word' id='word_1_196' title='bbox 214 1664 458 1704; x_wconf 86' lang='lat' dir='ltr'><strong>ordinandis</strong></span> <span class='ocrx_word' id='word_1_197' title='bbox 483 1663 717 1716; x_wconf 83' lang='lat' dir='ltr'><strong>fragmentis</strong></span> <span class='ocrx_word' id='word_1_198' title='bbox 751 1663 993 1703; x_wconf 88' lang='lat' dir='ltr'><strong>Callimachi.</strong></span> <span class='ocrx_word' id='word_1_199' title='bbox 1054 1664 1250 1713; x_wconf 89' lang='lat' dir='ltr'><strong>Nonnum,</strong></span> <span class='ocrx_word' id='word_1_200' title='bbox 1283 1676 1400 1716; x_wconf 89' lang='lat' dir='ltr'><strong>quem</strong></span> <span class='ocrx_word' id='word_1_201' title='bbox 1433 1664 1674 1703; x_wconf 84' lang='lat' dir='ltr'><strong>imitatorem</strong></span> 
     </span>
     <span class='ocr_line' id='line_1_23' title="bbox 144 1735 1676 1787; baseline -0.002 -11"><span class='ocrx_word' id='word_1_202' title='bbox 144 1737 400 1787; x_wconf 82' lang='lat' dir='ltr'><strong>Callimachi,</strong></span> <span class='ocrx_word' id='word_1_203' title='bbox 428 1737 506 1776; x_wconf 89' lang='lat' dir='ltr'><strong>hoc</strong></span> <span class='ocrx_word' id='word_1_204' title='bbox 538 1742 598 1777; x_wconf 88' lang='lat' dir='ltr'><strong>est</strong></span> <span class='ocrx_word' id='word_1_205' title='bbox 630 1737 844 1776; x_wconf 82' lang='lat' dir='ltr'><strong>verborum</strong></span> <span class='ocrx_word' id='word_1_206' title='bbox 875 1737 1121 1786; x_wconf 77' lang='lat' dir='ltr'><strong>Callimachi,</strong></span> <span class='ocrx_word' id='word_1_207' title='bbox 1150 1736 1308 1776; x_wconf 86' lang='lat' dir='ltr'><strong>aliunde</strong></span> <span class='ocrx_word' id='word_1_208' title='bbox 1331 1736 1528 1785; x_wconf 88' lang='lat' dir='ltr'><strong>novimus,</strong></span> <span class='ocrx_word' id='word_1_209' title='bbox 1549 1735 1676 1786; x_wconf 79' lang='lat' dir='ltr'><strong>plura</strong></span> 
     </span>
     <span class='ocr_line' id='line_1_24' title="bbox 143 1808 1673 1859; baseline -0.001 -10"><span class='ocrx_word' id='word_1_210' title='bbox 143 1823 195 1850; x_wconf 84' lang='lat' dir='ltr'><strong>ex</strong></span> <span class='ocrx_word' id='word_1_211' title='bbox 227 1809 376 1849; x_wconf 84' lang='lat' dir='ltr'><strong>Hecale</strong></span> <span class='ocrx_word' id='word_1_212' title='bbox 408 1809 459 1849; x_wconf 86' lang='lat' dir='ltr'><strong>ad</strong></span> <span class='ocrx_word' id='word_1_213' title='bbox 489 1808 715 1849; x_wconf 84' lang='lat' dir='ltr'><strong>Brouchum</strong></span> <span class='ocrx_word' id='word_1_214' title='bbox 746 1809 1005 1858; x_wconf 72' lang='lat' dir='ltr'><strong>traduoeisse,</strong></span> <span class='ocrx_word' id='word_1_215' title='bbox 1038 1808 1192 1848; x_wconf 86' lang='lat' dir='ltr'><strong>facilius</strong></span> <span class='ocrx_word' id='word_1_216' title='bbox 1222 1808 1478 1847; x_wconf 87' lang='lat' dir='ltr'><strong>crediderim.</strong></span> <span class='ocrx_word' id='word_1_217' title='bbox 1535 1808 1673 1859; x_wconf 87' lang='lat' dir='ltr'><strong>Neque</strong></span> 
     </span>
     <span class='ocr_line' id='line_1_25' title="bbox 141 1880 1674 1934; baseline -0.003 -12"><span class='ocrx_word' id='word_1_218' title='bbox 141 1882 347 1922; x_wconf 86' lang='lat' dir='ltr'><strong>mirabitur</strong></span> <span class='ocrx_word' id='word_1_219' title='bbox 376 1882 597 1934; x_wconf 89' lang='lat' dir='ltr'><strong>quisquam,</strong></span> <span class='ocrx_word' id='word_1_220' title='bbox 627 1880 734 1932; x_wconf 90' lang='lat' dir='ltr'><strong>quod</strong></span> <span class='ocrx_word' id='word_1_221' title='bbox 763 1881 934 1921; x_wconf 86' lang='lat' dir='ltr'><strong>Hecales</strong></span> <span class='ocrx_word' id='word_1_222' title='bbox 966 1881 1111 1921; x_wconf 85' lang='lat' dir='ltr'><strong>nullam</strong></span> <span class='ocrx_word' id='word_1_223' title='bbox 1139 1881 1384 1921; x_wconf 86' lang='lat' dir='ltr'><strong>mentionem</strong></span> <span class='ocrx_word' id='word_1_224' title='bbox 1417 1880 1540 1920; x_wconf 83' lang='lat' dir='ltr'><strong>faciat</strong></span> <span class='ocrx_word' id='word_1_225' title='bbox 1557 1880 1674 1919; x_wconf 87' lang='lat' dir='ltr'><strong>Non-</strong></span> 
     </span>
     <span class='ocr_line' id='line_1_26' title="bbox 141 1952 1673 2005; baseline -0.002 -13"><span class='ocrx_word' id='word_1_226' title='bbox 141 1964 239 2002; x_wconf 88' lang='lat' dir='ltr'><strong>nus,</strong></span> <span class='ocrx_word' id='word_1_227' title='bbox 276 1953 347 1992; x_wconf 87' lang='lat' dir='ltr'><strong>scd</strong></span> <span class='ocrx_word' id='word_1_228' title='bbox 385 1953 632 1994; x_wconf 87' lang='lat' dir='ltr'><strong>Molorchum</strong></span> <span class='ocrx_word' id='word_1_229' title='bbox 670 1953 851 2005; x_wconf 82' lang='lat' dir='ltr'><strong>proferat</strong></span> <span class='ocrx_word' id='word_1_230' title='bbox 897 1952 1069 2004; x_wconf 85' lang='lat' dir='ltr'><strong>exempli</strong></span> <span class='ocrx_word' id='word_1_231' title='bbox 1110 1965 1266 1993; x_wconf 88' lang='lat' dir='ltr'><strong>caussa.</strong></span> <span class='ocrx_word' id='word_1_232' title='bbox 1341 1952 1470 1992; x_wconf 85' lang='lat' dir='ltr'><strong>Potuit</strong></span> <span class='ocrx_word' id='word_1_233' title='bbox 1508 1952 1673 1992; x_wconf 90' lang='lat' dir='ltr'><strong>Nonnus</strong></span> 
     </span>
     <span class='ocr_line' id='line_1_27' title="bbox 140 2024 1671 2077; baseline -0.001 -14"><span class='ocrx_word' id='word_1_234' title='bbox 140 2024 334 2065; x_wconf 87' lang='lat' dir='ltr'><strong>Molorchi</strong></span> <span class='ocrx_word' id='word_1_235' title='bbox 366 2025 548 2077; x_wconf 82' lang='lat' dir='ltr'><strong>exemplo</strong></span> <span class='ocrx_word' id='word_1_236' title='bbox 581 2026 650 2074; x_wconf 90' lang='lat' dir='ltr'><strong>uti,</strong></span> <span class='ocrx_word' id='word_1_237' title='bbox 679 2025 867 2077; x_wconf 88' lang='lat' dir='ltr'><strong>quoniam</strong></span> <span class='ocrx_word' id='word_1_238' title='bbox 896 2026 1024 2076; x_wconf 87' lang='lat' dir='ltr'><strong>aptius</strong></span> <span class='ocrx_word' id='word_1_239' title='bbox 1047 2026 1174 2065; x_wconf 82' lang='lat' dir='ltr'><strong>virum</strong></span> <span class='ocrx_word' id='word_1_240' title='bbox 1205 2025 1429 2076; x_wconf 85' lang='lat' dir='ltr'><strong>comparari</strong></span> <span class='ocrx_word' id='word_1_241' title='bbox 1452 2036 1540 2064; x_wconf 90' lang='lat' dir='ltr'><strong>cum</strong></span> <span class='ocrx_word' id='word_1_242' title='bbox 1567 2024 1671 2072; x_wconf 90' lang='lat' dir='ltr'><strong>viro,</strong></span> 
     </span>
     <span class='ocr_line' id='line_1_28' title="bbox 139 2095 1673 2148; baseline -0.001 -12"><span class='ocrx_word' id='word_1_243' title='bbox 139 2109 256 2147; x_wconf 83' lang='lat' dir='ltr'><strong>quam</strong></span> <span class='ocrx_word' id='word_1_244' title='bbox 287 2109 376 2137; x_wconf 90' lang='lat' dir='ltr'><strong>cum</strong></span> <span class='ocrx_word' id='word_1_245' title='bbox 405 2097 551 2137; x_wconf 86' lang='lat' dir='ltr'><strong>femina</strong></span> <span class='ocrx_word' id='word_1_246' title='bbox 573 2097 746 2148; x_wconf 86' lang='lat' dir='ltr'><strong>hospite,</strong></span> <span class='ocrx_word' id='word_1_247' title='bbox 780 2102 818 2136; x_wconf 91' lang='lat' dir='ltr'><strong>et</strong></span> <span class='ocrx_word' id='word_1_248' title='bbox 851 2097 1107 2136; x_wconf 88' lang='lat' dir='ltr'><strong>nihilominus</strong></span> <span class='ocrx_word' id='word_1_249' title='bbox 1138 2108 1219 2148; x_wconf 87' lang='lat' dir='ltr'><strong>res,</strong></span> <span class='ocrx_word' id='word_1_250' title='bbox 1249 2098 1387 2146; x_wconf 87' lang='lat' dir='ltr'><strong>verba,</strong></span> <span class='ocrx_word' id='word_1_251' title='bbox 1420 2095 1589 2136; x_wconf 86' lang='lat' dir='ltr'><strong>mutuari</strong></span> <span class='ocrx_word' id='word_1_252' title='bbox 1621 2107 1673 2134; x_wconf 88' lang='lat' dir='ltr'><strong>ex</strong></span> 
     </span>
     <span class='ocr_line' id='line_1_29' title="bbox 143 2167 1671 2219; baseline -0.001 -11"><span class='ocrx_word' id='word_1_253' title='bbox 143 2169 290 2208; x_wconf 80' lang='lat' dir='ltr'><strong>Hecale</strong></span> <span class='ocrx_word' id='word_1_254' title='bbox 323 2169 567 2209; x_wconf 88' lang='lat' dir='ltr'><strong>Callimachi.</strong></span> <span class='ocrx_word' id='word_1_255' title='bbox 630 2170 725 2209; x_wconf 90' lang='lat' dir='ltr'><strong>Cum</strong></span> <span class='ocrx_word' id='word_1_256' title='bbox 756 2168 963 2209; x_wconf 83' lang='lat' dir='ltr'><strong>Molorcho</strong></span> <span class='ocrx_word' id='word_1_257' title='bbox 994 2174 1204 2209; x_wconf 84' lang='lat' dir='ltr'><strong>commune</strong></span> <span class='ocrx_word' id='word_1_258' title='bbox 1231 2169 1415 2209; x_wconf 87' lang='lat' dir='ltr'><strong>Broncbo</strong></span> <span class='ocrx_word' id='word_1_259' title='bbox 1448 2173 1531 2218; x_wconf 84' lang='lat' dir='ltr'><strong>est,</strong></span> <span class='ocrx_word' id='word_1_260' title='bbox 1564 2167 1671 2219; x_wconf 86' lang='lat' dir='ltr'><strong>quod</strong></span> 
     </span>
     <span class='ocr_line' id='line_1_30' title="bbox 142 2233 1674 2293; baseline -0.001 -13"><span class='ocrx_word' id='word_1_261' title='bbox 142 2246 309 2293; x_wconf 85' lang='lat' dir='ltr'><strong>uterque</strong></span> <span class='ocrx_word' id='word_1_262' title='bbox 354 2253 522 2293; x_wconf 84' lang='lat' dir='ltr'><strong>parcere</strong></span> <span class='ocrx_word' id='word_1_263' title='bbox 569 2241 750 2290; x_wconf 88' lang='lat' dir='ltr'><strong>iubetur,</strong></span> <span class='ocrx_word' id='word_1_264' title='bbox 810 2240 875 2280; x_wconf 91' lang='lat' dir='ltr'><strong>ille</strong></span> <span class='ocrx_word' id='word_1_265' title='bbox 919 2241 1059 2289; x_wconf 89' lang='lat' dir='ltr'><strong>arieti,</strong></span> <span class='ocrx_word' id='word_1_266' title='bbox 1116 2242 1181 2281; x_wconf 89' lang='lat' dir='ltr'><strong>hic</strong></span> <span class='ocrx_word' id='word_1_267' title='bbox 1228 2241 1306 2280; x_wconf 88' lang='lat' dir='ltr'><strong>ovi.</strong></span> <span class='ocrx_word' id='word_1_268' title='bbox 1373 2240 1564 2280; x_wconf 85' lang='lat' dir='ltr'><strong>Nonnus:</strong></span> <span class='ocrx_word' id='word_1_269' title='bbox 1609 2233 1674 2279; x_wconf 75' lang='grc' dir='ltr'><strong>ὄϊν</strong></span> 
     </span>
     <span class='ocr_line' id='line_1_31' title="bbox 138 2309 1671 2367; baseline -0.002 -13"><span class='ocrx_word' id='word_1_270' title='bbox 138 2309 404 2364; x_wconf 73' lang='grc' dir='ltr'><em>δ’ἇψαυστον</em></span> <span class='ocrx_word' id='word_1_271' title='bbox 435 2313 578 2365; x_wconf 73' lang='grc' dir='ltr'><em>ἐάσας,</em></span> <span class='ocrx_word' id='word_1_272' title='bbox 610 2312 826 2367; x_wconf 75' lang='grc' dir='ltr'><strong>ποιμενιήν</strong></span> <span class='ocrx_word' id='word_1_273' title='bbox 856 2329 948 2354; x_wconf 75' lang='grc' dir='ltr'><em>τινα</em></span> <span class='ocrx_word' id='word_1_274' title='bbox 980 2314 1105 2353; x_wconf 76' lang='grc' dir='ltr'><em>δαῖτα</em></span> <span class='ocrx_word' id='word_1_275' title='bbox 1137 2310 1338 2364; x_wconf 67' lang='grc' dir='ltr'><em>θελήμονι</em></span> <span class='ocrx_word' id='word_1_276' title='bbox 1367 2312 1470 2365; x_wconf 70' lang='grc' dir='ltr'><strong>θῆκε</strong></span> <span class='ocrx_word' id='word_1_277' title='bbox 1501 2312 1671 2367; x_wconf 72' lang='grc' dir='ltr'><strong><em>Λυαίῳ,</em></strong></span> 
     </span>
     <span class='ocr_line' id='line_1_32' title="bbox 137 2377 1672 2439; baseline -0.001 -14"><span class='ocrx_word' id='word_1_278' title='bbox 137 2383 298 2437; x_wconf 75' lang='grc' dir='ltr'><em>τεύχων</em></span> <span class='ocrx_word' id='word_1_279' title='bbox 329 2386 493 2425; x_wconf 76' lang='grc' dir='ltr'><em>δεῖπνον</em></span> <span class='ocrx_word' id='word_1_280' title='bbox 522 2379 720 2425; x_wconf 68' lang='grc' dir='ltr'><strong>ἄδειπνον</strong></span> <span class='ocrx_word' id='word_1_281' title='bbox 738 2382 1030 2439; x_wconf 67' lang='grc' dir='ltr'><em>α’όαιτρειῖτοιο</em></span> <span class='ocrx_word' id='word_1_282' title='bbox 1059 2385 1284 2438; x_wconf 75' lang='grc' dir='ltr'><em>τραπέζης,</em></span> <span class='ocrx_word' id='word_1_283' title='bbox 1315 2377 1383 2424; x_wconf 79' lang='grc' dir='ltr'><strong>οἷα</strong></span> <span class='ocrx_word' id='word_1_284' title='bbox 1408 2386 1672 2425; x_wconf 69' lang='grc' dir='ltr'><strong><em>Κλεωναίοιο</em></strong></span> 
     </span>
     <span class='ocr_line' id='line_1_33' title="bbox 141 2452 1672 2509; baseline -0.001 -14"><span class='ocrx_word' id='word_1_285' title='bbox 141 2457 367 2509; x_wconf 78' lang='grc' dir='ltr'><strong><em>φατίζεται</em></strong></span> <span class='ocrx_word' id='word_1_286' title='bbox 400 2452 516 2509; x_wconf 73' lang='grc' dir='ltr'><strong>ἆμφί</strong></span> <span class='ocrx_word' id='word_1_287' title='bbox 547 2454 811 2508; x_wconf 70' lang='grc' dir='ltr'><em>ῙΠολόρχου,</em></span> <span class='ocrx_word' id='word_1_288' title='bbox 842 2462 978 2506; x_wconf 74' lang='grc' dir='ltr'><em>κεῖνα,</em></span> <span class='ocrx_word' id='word_1_289' title='bbox 1011 2455 1142 2508; x_wconf 78' lang='grc' dir='ltr'><em>τάπερ</em></span> <span class='ocrx_word' id='word_1_290' title='bbox 1186 2455 1404 2496; x_wconf 69' lang='grc' dir='ltr'><em>σπεύδοντι</em></span> <span class='ocrx_word' id='word_1_291' title='bbox 1449 2452 1672 2508; x_wconf 81' lang='grc' dir='ltr'><em>λεοντοφό-</em></span> 
     </span>
     <span class='ocr_line' id='line_1_34' title="bbox 141 2522 1671 2580; baseline -0.001 -13"><span class='ocrx_word' id='word_1_292' title='bbox 141 2541 238 2574; x_wconf 85' lang='grc' dir='ltr'>νους</span> <span class='ocrx_word' id='word_1_293' title='bbox 284 2527 338 2568; x_wconf 71' lang='grc' dir='ltr'><strong>δι’</strong></span> <span class='ocrx_word' id='word_1_294' title='bbox 383 2527 547 2580; x_wconf 71' lang='grc' dir='ltr'><em>α’γῶνας</em></span> <span class='ocrx_word' id='word_1_295' title='bbox 632 2522 813 2567; x_wconf 77' lang='grc' dir='ltr'>ὥπλισεν</span> <span class='ocrx_word' id='word_1_296' title='bbox 858 2524 1079 2579; x_wconf 54' lang='grc' dir='ltr'><strong>(Ηρακλῆϊ.</strong></span> <span class='ocrx_word' id='word_1_297' title='bbox 1152 2528 1397 2579; x_wconf 84' lang='lat' dir='ltr'><strong>Quamquam</strong></span> <span class='ocrx_word' id='word_1_298' title='bbox 1443 2526 1671 2567; x_wconf 83' lang='lat' dir='ltr'><strong>Bronclmm</strong></span> 
     </span>
     <span class='ocr_line' id='line_1_35' title="bbox 140 2592 1671 2652; baseline 0.003 -19"><span class='ocrx_word' id='word_1_299' title='bbox 140 2592 305 2637; x_wconf 85' lang='lat' dir='ltr'><strong>Nonnus</strong></span> <span class='ocrx_word' id='word_1_300' title='bbox 336 2600 537 2652; x_wconf 87' lang='lat' dir='ltr'><strong>aliquanto</strong></span> <span class='ocrx_word' id='word_1_301' title='bbox 568 2599 871 2651; x_wconf 83' lang='lat' dir='ltr'><strong>locupletiorem</strong></span> <span class='ocrx_word' id='word_1_302' title='bbox 903 2598 1111 2639; x_wconf 87' lang='lat' dir='ltr'><strong>Molorcho</strong></span> <span class='ocrx_word' id='word_1_303' title='bbox 1144 2599 1264 2648; x_wconf 84' lang='lat' dir='ltr'><strong>facit,</strong></span> <span class='ocrx_word' id='word_1_304' title='bbox 1303 2599 1367 2650; x_wconf 88' lang='lat' dir='ltr'><strong>qui</strong></span> <span class='ocrx_word' id='word_1_305' title='bbox 1407 2599 1566 2638; x_wconf 85' lang='lat' dir='ltr'><strong>unicum</strong></span> <span class='ocrx_word' id='word_1_306' title='bbox 1595 2597 1671 2637; x_wconf 89' lang='lat' dir='ltr'><strong>ha-</strong></span> 
     </span>
     <span class='ocr_line' id='line_1_36' title="bbox 142 2667 1357 2721; baseline 0.002 -15"><span class='ocrx_word' id='word_1_307' title='bbox 142 2667 263 2707; x_wconf 83' lang='lat' dir='ltr'><strong>bebat</strong></span> <span class='ocrx_word' id='word_1_308' title='bbox 293 2671 481 2719; x_wconf 83' lang='lat' dir='ltr'><strong>arietem;</strong></span> <span class='ocrx_word' id='word_1_309' title='bbox 515 2676 553 2710; x_wconf 85' lang='lat' dir='ltr'><strong>ct</strong></span> <span class='ocrx_word' id='word_1_310' title='bbox 581 2670 838 2719; x_wconf 84' lang='lat' dir='ltr'><strong>Philemone,</strong></span> <span class='ocrx_word' id='word_1_311' title='bbox 871 2669 936 2721; x_wconf 87' lang='lat' dir='ltr'><strong>qui</strong></span> <span class='ocrx_word' id='word_1_312' title='bbox 970 2670 1127 2708; x_wconf 88' lang='lat' dir='ltr'><strong>unicum</strong></span> <span class='ocrx_word' id='word_1_313' title='bbox 1158 2681 1357 2708; x_wconf 86' lang='lat' dir='ltr'><strong>anserem.</strong></span> 
     </span>
    </p>

    <p class='ocr_par' dir='ltr' id='par_1_3' title="bbox 141 2739 1666 2866">
     <span class='ocr_line' id='line_1_37' title="bbox 252 2739 1664 2792; baseline -0.001 -12"><span class='ocrx_word' id='word_1_314' title='bbox 252 2740 368 2792; x_wconf 83' lang='lat' dir='ltr'><strong>Apud</strong></span> <span class='ocrx_word' id='word_1_315' title='bbox 403 2742 681 2782; x_wconf 85' lang='lat' dir='ltr'><strong>Callimachum</strong></span> <span class='ocrx_word' id='word_1_316' title='bbox 713 2741 895 2782; x_wconf 84' lang='lat' dir='ltr'><strong>modesta</strong></span> <span class='ocrx_word' id='word_1_317' title='bbox 929 2742 1069 2782; x_wconf 83' lang='lat' dir='ltr'><strong>domus</strong></span> <span class='ocrx_word' id='word_1_318' title='bbox 1101 2742 1187 2781; x_wconf 84' lang='lat' dir='ltr'><strong>sive</strong></span> <span class='ocrx_word' id='word_1_319' title='bbox 1220 2752 1340 2781; x_wconf 86' lang='lat' dir='ltr'><strong>casae</strong></span> <span class='ocrx_word' id='word_1_320' title='bbox 1372 2752 1458 2779; x_wconf 91' lang='lat' dir='ltr'><strong>cum</strong></span> <span class='ocrx_word' id='word_1_321' title='bbox 1489 2739 1664 2791; x_wconf 85' lang='lat' dir='ltr'><strong>supelle-</strong></span> 
     </span>
     <span class='ocr_line' id='line_1_38' title="bbox 141 2809 1666 2866; baseline 0.001 -17"><span class='ocrx_word' id='word_1_322' title='bbox 141 2809 231 2849; x_wconf 76' lang='lat' dir='ltr'><strong>ctile</strong></span> <span class='ocrx_word' id='word_1_323' title='bbox 266 2823 337 2851; x_wconf 85' lang='lat' dir='ltr'><strong>sua</strong></span> <span class='ocrx_word' id='word_1_324' title='bbox 368 2810 578 2862; x_wconf 77' lang='lat' dir='ltr'><strong>humilitas,</strong></span> <span class='ocrx_word' id='word_1_325' title='bbox 611 2818 690 2853; x_wconf 85' lang='lat' dir='ltr'><strong>tum</strong></span> <span class='ocrx_word' id='word_1_326' title='bbox 719 2825 872 2854; x_wconf 84' lang='lat' dir='ltr'><strong>coenae</strong></span> <span class='ocrx_word' id='word_1_327' title='bbox 896 2818 1107 2866; x_wconf 84' lang='lat' dir='ltr'><strong>apparatus</strong></span> <span class='ocrx_word' id='word_1_328' title='bbox 1129 2812 1294 2864; x_wconf 82' lang='lat' dir='ltr'><strong>simplex</strong></span> <span class='ocrx_word' id='word_1_329' title='bbox 1313 2816 1351 2851; x_wconf 81' lang='lat' dir='ltr'><strong>ct</strong></span> <span class='ocrx_word' id='word_1_330' title='bbox 1374 2811 1560 2862; x_wconf 83' lang='lat' dir='ltr'><strong>rusticus,</strong></span> <span class='ocrx_word' id='word_1_331' title='bbox 1593 2809 1666 2851; x_wconf 88' lang='lat' dir='ltr'><strong>scd</strong></span> 
     </span>
    </p>
   </div>
  </div>
 </body>
</html>
