1856 3126
812 119 1088 156 -31-

179 233 266 274 Fuit
297 233 402 273 enirn
436 235 503 271 aut
532 231 572 270 in
604 231 764 272 laudem
800 234 969 286 dictum,
1001 235 1052 274 ad
1087 233 1371 275 declarandum
1398 233 1478 274 late
1506 235 1707 286 patentem

179 315 356 343 amorem
390 305 607 343 carminum
637 304 891 357 canendique
921 307 1190 358 cupiditatem,
1215 306 1295 346 hoc
1324 305 1412 346 fere
1444 305 1591 347 modo:
1623 318 1703 360 ego

177 385 266 415 mea
295 374 391 414 mihi
419 386 558 427 parva,
589 376 662 416 sed
697 378 837 417 suavia
870 378 1048 417 carmina
1078 379 1212 430 tingo,
1243 382 1362 429 poeta
1392 377 1623 419 modestus:
1663 383 1707 419 ut

179 447 310 486 omnis
339 445 460 486 homo
494 446 601 486 canit
616 460 627 496 3
658 452 705 487 ut
726 448 846 488 etiam
872 448 939 487 ‘cir
958 446 1170 501 ὑδατηγὸς
1187 461 1303 488 suam
1321 450 1561 490 cantilenam
1591 451 1713 493 canit.

176 517 256 558 Aut
275 518 315 557 in
343 518 701 570 reprehensionem
724 525 1089 572 contemptumque,
1119 525 1260 560 contra
1281 521 1393 561 alios.
1454 523 1570 569 Quod
1589 523 1710 564 multo

176 591 305 642 magis
334 590 555 642 probabile.
631 590 748 630 Certe
794 588 1123 645 ἱμονιοστρόφου
1163 592 1270 644 μέλη
1304 592 1509 644 Dionysus
1545 594 1711 633 Aristo-

176 662 318 715 phanis
358 663 398 702 in
433 664 556 703 Ranis
586 677 623 703 v.
657 664 777 704 1297.
810 663 956 712 (1332.
988 664 1122 714 Kust.)
1168 663 1219 703 ad
1261 675 1377 715 quem
1420 665 1552 705 Iocum
1592 670 1710 706 vetus

175 734 378 787 interpres
408 747 581 788 graecus
612 735 879 788 fragmentum
911 734 1066 787 profert
1096 733 1419 784 Callimacheum,
1453 735 1492 774 in
1523 740 1711 776 contem-

176 811 283 859 ptum
317 807 424 858 dicit,
457 808 608 848 diserte
643 807 683 847 id
725 807 1047 860 significantibus
1080 811 1120 846 et
1163 807 1378 859 interprete
1413 805 1479 846 illo
1522 811 1561 846 et
1588 809 1710 849 Suida

177 881 219 920 in
246 878 591 932 (ἱμονιοστρόφου
621 894 667 929 μ.
729 878 779 917 de
810 879 968 917 cantico
1000 877 1085 917 sive
1114 877 1217 927 rudi,
1252 878 1338 917 sive
1367 877 1592 929 incondito,
1623 879 1711 919 sive

178 951 258 992 alio
291 951 464 1003 quodam
495 951 616 990 inodo
662 950 818 990 insuavi
863 955 983 1002 atque
1028 950 1218 990 insolenti
1260 949 1434 989 auribus.
1508 950 1625 990 Venit
1669 951 1711 991 in

175 1028 374 1074 mentem,
407 1035 457 1064 an
488 1024 592 1064 sorte
624 1036 673 1064 ea
705 1025 1007 1076 comparatione
1041 1021 1306 1063 Callimachus
1334 1020 1528 1060 infinitam
1567 1021 1710 1075 longi-

175 1093 354 1134 tudinem
382 1104 464 1132 non
494 1094 688 1134 variantis
719 1106 861 1135 sonum
895 1094 1082 1134 carminis
1112 1097 1254 1133 notare
1288 1093 1487 1134 voluerit:
1519 1106 1612 1135 nam
1641 1099 1710 1135 ta-

176 1166 235 1206 les
266 1177 359 1206 esso
392 1165 525 1205 solent
554 1177 721 1217 eorum,
750 1166 815 1218 qui
845 1166 885 1206 in
912 1165 1036 1218 longo
1072 1177 1121 1205 ac
1152 1165 1375 1205 dil'ficili0re
1405 1165 1546 1206 labore
1577 1178 1708 1207 occu-

176 1239 259 1291 pati
289 1243 394 1289 sunt,
427 1237 666 1278 cantilenae.
726 1239 775 1279 Ut
800 1243 920 1291 poeta
950 1239 1056 1278 illum
1089 1249 1455 1289 suummaynorum
1481 1243 1710 1290 poematum

176 1316 446 1363 contemptum
479 1309 694 1363 significet,
725 1308 776 1349 de
806 1320 884 1362 quo
916 1310 957 1348 in
990 1309 1137 1360 hymno
1165 1307 1295 1359 Apoll.
1324 1312 1427 1348 extr.
1486 1309 1617 1362 Atque
1645 1310 1708 1349 sic

175 1384 280 1425 haec
310 1383 508 1424 sententia
540 1386 608 1423 aut
635 1381 724 1432 hic,
752 1380 820 1421 ubi
850 1385 912 1420 est
942 1393 965 1421 a
995 1392 1058 1420 ine
1090 1381 1263 1429 inserta,
1295 1385 1362 1420 aut
1392 1380 1562 1420 inferius
1594 1382 1712 1421 inse-

174 1456 302 1496 renda
337 1458 438 1507 erit,
470 1457 576 1496 inter
602 1456 759 1508 Fragm,
790 1453 870 1495 LII.
901 1457 941 1494 et
969 1452 1137 1494 XLVIII.
1194 1451 1258 1492 Ad
1286 1451 1501 1503 particulas
1531 1453 1607 1491 καί
1630 1451 1711 1492 πού

173 1543 239 1576 τις
269 1540 320 1568 ex
347 1528 564 1580 Apollonio
595 1528 658 1567 IV.
695 1523 814 1566 1457.
848 1527 927 1566 καί
960 1521 1041 1564 πού
1080 1540 1141 1573 τις
1169 1524 1391 1575 adscripsi,
1420 1528 1462 1564 ut
1504 1535 1713 1565 monerem

178 1601 228 1640 de
261 1600 422 1641 diversa
454 1603 529 1640 καί
568 1599 790 1652 particulae
824 1603 1051 1652 potestate,
1092 1611 1206 1652 quam
1251 1597 1317 1636 vel
1362 1596 1465 1636 ordo
1513 1601 1711 1637 monstrat

175 1671 471 1723 particularum.
531 1670 747 1723 ApolloniO
778 1670 832 1709 ibi
870 1668 948 1709 καί
983 1669 1148 1722 copula,
1182 1669 1424 1710 Callimacho
1464 1674 1526 1709 est
1569 1669 1714 1709 eliam:

176 1755 219 1783 es
250 1744 357 1796 singt
383 1743 485 1784 auch
516 1742 624 1783 wohl
653 1747 730 1782 etc.
791 1742 982 1782 Dedimus
1014 1754 1200 1793 versum,
1231 1746 1272 1782 ut
1306 1742 1410 1794 apud
1440 1741 1709 1783 Scholiastain

174 1816 461 1867 Aristophanis
494 1815 546 1854 ad
575 1814 816 1854 Ran.1297.
845 1814 1140 1864 (1332.1§11st.)
1169 1814 1339 1867 legitur:
1373 1815 1506 1855 αἐίὸει
1537 1815 1613 1854 καί
1631 1813 1713 1854 πού

175 1903 236 1935 τις
264 1886 372 1942 ἀνὴρ
403 1885 611 1941 ὑδατηγὸς
644 1883 800 1937 ἱμαῖον.
869 1885 1128 1926 Ruhnkenius
1172 1885 1434 1926 vehementer
1476 1889 1612 1935 errat,
1647 1885 1715 1937 qui

176 1961 230 2000 ita
267 1961 432 2001 scribit:
464 1959 690 2011 Leyemlum
718 1957 856 2010 potius
886 1970 938 1997 ea)
965 1957 1231 2009 Moschopulo
1259 1957 1358 2010 περί
1388 1958 1560 2010 §.ledan
1579 1970 1616 2010 p.
1649 1957 1714 2000 16.

179 2055 228 2062 -—-
261 2031 339 2073 καί
361 2031 442 2073 πού
470 2047 534 2080 τις
563 2029 670 2085 ἀνὴρ
699 2026 912 2083 ὑδατηγὸς
941 2027 1086 2080 ἱμαῖον
1115 2029 1260 2069 deidei.
1318 2029 1406 2069 Non
1427 2033 1488 2068 est
1506 2028 1715 2068 inihiMo-

177 2106 397 2158 schopulus
427 2106 503 2145 iste
538 2103 589 2144 ad
621 2115 804 2154 manum,
838 2101 910 2142 sed
942 2101 1048 2141 haud
1080 2102 1200 2142 dubie
1248 2099 1437 2153 quicquid
1478 2101 1625 2152 habet,
1660 2101 1711 2141 ab

178 2176 300 2218 Suida
331 2177 476 2227 habet,
509 2175 612 2228 apud
654 2187 770 2227 quem
800 2176 841 2214 in
874 2188 911 2214 v.
936 2174 1098 2225 Ἱμαῖον
1137 2168 1255 2229 ᾆσμα
1288 2173 1374 2213 sic:
1423 2175 1499 2213 καί
1535 2171 1616 2213 πού
1650 2188 1715 2220 τις

179 2246 283 2300 ἀνὴρ
313 2246 526 2301 ὑδατηγὸς
561 2244 681 2297 (-ο’ν)
717 2244 862 2298 ἱμαῖον
892 2240 987 2300 ᾄδει
1018 2245 1186 2297 legitur3
1219 2246 1259 2284 in
1292 2245 1384 2286 cod.
1415 2244 1460 2285 E.
1494 2245 1717 2287 Gaissordii

176 2319 270 2360 illud
304 2323 454 2372 ipsum,
488 2319 596 2371 quod
626 2331 678 2359 ex
705 2317 966 2369 Moschopulo
1001 2317 1154 2369 profert
1186 2317 1458 2358 Ruhnkenius.
1528 2315 1711 2358 Eandem

177 2403 341 2443 pravam
371 2403 581 2431 caesuram
615 2392 656 2432 in
689 2391 840 2432 Gallim.
882 2390 1039 2442 Fragm.
1082 2389 1241 2430 CCLXI.
1288 2390 1487 2430 inferebat
1516 2388 1715 2430 Ruhnke-

179 2464 298 2503 nius:
329 2476 365 2502 V.
395 2463 499 2503 infra
531 2465 624 2515 Cap.
655 2463 719 2503 VI.
780 2464 829 2503 Ut
861 2467 1036 2511 taceam,
1068 2473 1169 2514 quae
1202 2462 1307 2501 idem
1338 2461 1433 2502 alibi
1464 2460 1606 2501 similia
1642 2474 1713 2502 er„

178 2537 296 2587 ravit,
328 2547 364 2576 e.
396 2548 435 2588 g.
467 2537 507 2575 in
536 2536 741 2575 Theocriti
769 2534 968 2574 Adoniaz.
997 2546 1035 2572 v.
1070 2534 1133 2574 79.
1166 2534 1317 2574 infelici
1340 2534 1574 2572 coniectura
1600 2535 1713 2576 θεῶν

177 2623 223 2661 γε
251 2606 474 2659 nominata
509 2612 686 2661 φασεῖς,·
715 2611 837 2658 utque
869 2610 1024 2646 taceam
1056 2605 1178 2658 longe
1210 2606 1529 2646 infelicissimum
1549 2605 1711 2649 Ernesti

178 2684 365 2719 conatum
399 2680 438 2719 in
466 2679 616 2719 Callim.
648 2678 686 2718 h.
719 2677 805 2719 Del.
835 2674 926 2717 147.
986 2677 1131 2715 Verum
1167 2677 1246 2716 hoo
1276 2678 1362 2717 sine
1393 2678 1527 2730 inepta
1555 2678 1713 2731 gloria..

177 2753 287 2791 tione
317 2752 357 2791 in
390 2751 667 2792 Ruhnkeniuin
698 2754 737 2790 et
764 2751 805 2790 in
835 2754 1008 2790 aetatem
1042 2750 1147 2790 illam
1180 2750 1329 2790 dictum
1358 2755 1468 2802 este,
1502 2751 1566 2792 cui
1595 2752 1715 2793 multa

177 2823 326 2864 licebat
357 2825 575 2878 ignorare,
605 2835 708 2877 quae
737 2834 869 2875 nune„
898 2827 989 2876 post
1018 2823 1312 2876 Hei-mannum,
1342 2823 1493 2866 nemini
1521 2823 1713 2878 ignorare
