1856 3126
746 116 1022 154 -57-

128 234 221 274 581.
243 235 279 276 2.
340 230 505 271 Ovidius
537 230 648 270 ibide
680 231 775 271 409.
797 244 882 284 sqq.
942 234 993 272 At
1033 231 1099 272 ubi
1132 227 1314 271 ordinem
1345 231 1453 268 tenet
1492 227 1653 267 fabula-

127 316 211 344 rum
244 301 422 351 Ovidius‚
454 301 492 339 in
527 311 650 352 opere
683 302 795 351 quasi
828 301 1034 350 historico,
1065 300 1257 341 Vl1.433.
1281 312 1366 353 sqq.
1399 300 1462 340 illa
1493 299 1651 352 quidem

128 375 262 426 priora
292 383 364 411 suo
393 373 551 411 ordinat
582 372 773 421 arbitrio,
805 376 843 410 at
877 373 914 410 in
946 383 989 410 re
1020 373 1205 423 primaria
1235 372 1331 411 facit
1367 384 1454 411 cum
1488 371 1651 423 mytho-

127 443 303 497 graphis.
373 444 468 483 Nam
518 443 624 495 quod
670 443 722 482 ihi
767 443 803 481 in
847 442 1109 481 recensendis
1149 443 1293 482 Thesei
1334 444 1448 482 factis
1488 443 1653 496 primum

129 516 259 556 locum
290 520 402 555 tauro
436 514 545 554 dedit
576 514 841 564 Marathonio,
875 525 953 553 non
985 512 1228 565 negligentia
1264 515 1408 554 factum
1431 520 1495 554 aut
1518 526 1657 554 errore

130 592 234 640 puto,
266 588 338 627 sed
369 588 566 637 consulto,
602 588 788 639 quoniam
822 587 899 625 hoc
930 591 1007 625 tum
1040 586 1373 634 recentissimum,
1401 598 1530 638 eoque
1558 599 1658 639 gra-

131 661 334 699 vissimum
368 659 535 706 civibus,
568 658 711 697 Thesei
741 670 821 697 non
852 659 903 696 ita
935 656 1086 708 pridem
1116 657 1218 709 patri
1237 657 1485 709 Athenisque
1517 658 1656 697 donati

132 731 301 770 facinus.
360 730 410 769 de
437 730 660 769 Minotauro
689 730 898 769 victoriam
928 729 1071 769 Thesei
1103 728 1319 780 prudenter
1346 728 1438 768 loco
1473 729 1655 768 inferiori

133 801 423 842 v111.169.ss.
457 803 550 842 262.
579 814 610 841 s.
654 802 890 841 reservavit.
969 800 1076 840 idem
1109 800 1176 840 ubi
1223 799 1328 839 saeta
1372 800 1537 850 Thesei,
1575 812 1656 839 non

134 874 280 924 omnia,
309 873 380 913 sed
409 874 597 914 nonnulla
626 875 804 926 potiora,
835 873 1073 926 imaginibus
1106 872 1514 924 inscriptionibusque
1546 871 1661 911 eele-

134 945 246 985 hrata
276 951 477 998 recenset,
514 947 674 986 Heroid.
706 946 827 998 Epist.
846 947 889 986 ll.
912 945 978 986 69.
1009 946 1068 985 sic
1097 944 1281 998 procedit
1308 945 1477 984 ordine:
1505 944 1663 993 Sciron,

131 1018 388 1069 Procrustes,
421 1020 550 1070 Sinis,
581 1020 849 1069 Minotaurus3
883 1025 960 1059 tum
1001 1019 1143 1059 bellum
1176 1017 1429 1067 Thebanum,
1459 1017 1660 1067 Centauri,

133 1091 355 1130 descensus
384 1092 434 1130 ad
468 1092 630 1130 inferos.

244 1162 419 1214 Apparet
448 1174 497 1201 ex
529 1162 603 1212 his,
638 1162 729 1214 quid
762 1164 799 1201 in
829 1162 977 1202 Hecale
1013 1162 1062 1200 de
1093 1160 1226 1200 Minoe
1260 1173 1308 1200 ac
1338 1160 1562 1212 Minotauro
1583 1171 1658 1211 po-

137 1234 257 1272 tuerit
285 1234 472 1285 scriptum
507 1246 618 1282 esse,
651 1233 742 1284 quid
775 1245 853 1272 non
882 1233 1066 1284 potuerit.
1135 1231 1222 1271 Non
1266 1232 1394 1282 potuit
1433 1231 1471 1269 in
1512 1230 1661 1268 Hecale

138 1305 342 1344 Cretensis
372 1305 573 1356 expeditio
606 1305 748 1343 Thesei
783 1309 820 1343 et
851 1304 1030 1343 devictus
1060 1303 1306 1342 Minotaurus
1338 1313 1443 1341 esse.
1502 1301 1585 1341 Nisi
1615 1312 1663 1340 ea

137 1375 187 1414 de
223 1388 265 1414 re
295 1375 441 1428 aliquid
469 1378 580 1428 quasi
611 1375 866 1415 vaticinando
895 1375 1155 1426 occupaverit
1184 1372 1459 1413 Callimachus.
1519 1373 1571 1411 At
1589 1383 1663 1423 po-

137 1452 295 1487 tuerunt
326 1459 440 1497 esse,
473 1460 521 1487 ac
553 1448 733 1495 fuerunt7
764 1452 806 1486 ut
835 1451 928 1499 puto
947 1478 957 1496 ‚
990 1459 1091 1498 quae
1125 1445 1175 1484 ad
1206 1445 1413 1485 historiam
1446 1445 1547 1483 tauri
1577 1444 1666 1482 Ma-

136 1520 312 1560 rathonii
345 1520 579 1559 necessaria
610 1519 659 1557 de
688 1519 821 1557 Minoe
853 1519 1070 1557 Pausanias
1098 1518 1189 1557 loco
1217 1516 1347 1568 paullo
1380 1519 1471 1554 ante
1503 1514 1662 1554 adseri-

136 1595 203 1642 pto
237 1589 368 1628 habet.
443 1590 563 1641 igitur
599 1590 770 1641 vestigia
804 1590 944 1641 legens
983 1588 1204 1627 Pausaniae
1249 1589 1308 1627 sic
1354 1588 1439 1626 fere
1480 1588 1666 1638 coepisse

139 1662 313 1701 coniicio
346 1666 530 1713 poetam:
565 1660 782 1699 immissum
805 1660 948 1698 Cretae
978 1664 1129 1700 taurum
1154 1673 1175 1699 a
1199 1660 1381 1710 Neptuno
1413 1670 1518 1709 esse,
1549 1670 1665 1710 quum

139 1733 297 1773 multum
328 1733 496 1785 polleret
526 1733 679 1782 Minos,
710 1744 757 1772 ac
798 1733 918 1771 maris
950 1733 1245 1783 insularumque
1286 1732 1492 1782 imperium
1535 1731 1667 1771 classe

139 1809 305 1844 teneret.
377 1805 461 1844 Huc
502 1806 637 1845 refero
680 1805 838 1857 insigne
869 1804 1099 1845 Callimachi
1141 1804 1434 1856 fragmentum,
1477 1804 1667 1842 omissum

139 1889 160 1915 a
193 1876 399 1926 Bentlei0‚
437 1877 592 1930 Fragm.
625 1889 646 1916 a
688 1877 929 1929 Spanhemio
960 1876 1115 1916 collect.
1147 1888 1183 1928 p.
1216 1876 1312 1916 392.
1342 1874 1443 1915 XVI.
1476 1875 1539 1914 ed.
1572 1875 1668 1915 Ern.

139 1960 245 1988 nunc
272 1949 428 2001 Fragm.
459 1948 523 1988 DI.
555 1948 695 1988 Blonif.

306 2023 376 2059 καί
408 2020 544 2072 νήσων
579 2022 761 2060 ἐπέτεινε
789 2017 928 2072 βαρύν
959 2016 1082 2070 ζυγὸν
1117 2018 1263 2070 αὐχένι
1297 2020 1460 2067 Mz'vmg.

139 2104 191 2131 ex
218 2091 364 2144 Cyrillo
397 2093 511 2132 Alex.
548 2097 687 2132 contra
718 2092 853 2131 Iulian.
885 2091 952 2130 lih.
983 2092 1044 2130 vt.
1079 2104 1115 2143 p.
1151 2092 1240 2131 191.
1273 2092 1314 2131 T.
1348 2091 1375 2131 1.
1407 2090 1553 2143 Spanh.
1610 2091 1671 2130 De

138 2164 282 2204 Minois
315 2176 415 2216 quae
447 2169 525 2204 tum
555 2164 627 2203 suit
659 2163 1003 2220 θαλασσοκρατίᾳ
1034 2175 1183 2215 perque
1216 2164 1367 2204 insulas
1396 2164 1670 2205 dominatione

139 2241 298 2288 praeter
327 2237 560 2277 Pausaniam
591 2236 615 2276 l.
649 2236 673 2277 l.
705 2241 744 2275 et
774 2240 934 2288 praeter
962 2235 1198 2287 Apollodori
1229 2236 1254 2274 l.
1285 2235 1308 2274 Ι.
1338 2236 1462 2275 verba
1492 2235 1670 2287 inprimis

138 2308 205 2348 illa
235 2308 284 2347 ad
315 2308 594 2350 Callimachum
631 2313 746 2360 apta,
789 2304 1194 2360 θαλασσοκρατήσας
1228 2307 1274 2346 δὲ
1318 2308 1483 2360 πρῶτος
1522 2309 1669 2345 πασῶν

141 2382 224 2419 ταῖν
259 2379 393 2433 νήσων
423 2380 577 2434 σχεδὸν
608 2377 814 2433 ὑπῆρξεν,
845 2379 896 2421 cf.
926 2379 1101 2431 Thucyd.
1132 2379 1159 2418 1.
1188 2378 1226 2418 4.
1256 2379 1422 2421 Isocrat.
1454 2377 1668 2418 Panathen.

143 2465 180 2505 p.
200 2452 294 2503 5269,
315 2451 383 2492 43.
411 2454 474 2493 ed.
507 2453 678 2493 Bekker.
711 2453 878 2493 Diodor.
897 2453 958 2492 IV.
980 2452 1046 2492 60.
1079 2452 1222 2492 Strabo
1242 2451 1270 2491 I.
1288 2463 1325 2503 p.
1345 2450 1411 2491 48.
1434 2456 1491 2501 (p.
1511 2448 1578 2489 83.
1595 2448 1669 2497 A.)

142 2524 312 2577 Cyrillus
347 2526 577 2565 testimonio
622 2525 849 2564 Callimachi
891 2524 1009 2564 utitur
1049 2524 1098 2563 ad
1141 2521 1481 2575 comprobandam
1523 2520 1671 2560 Minois

141 2597 371 2637 iniustitiam
407 2602 524 2648 atque
558 2598 924 2648 intemperantiam:
957 2596 1006 2635 de
1036 2607 1114 2647 quo
1143 2593 1289 2645 aliquid
1322 2593 1583 2646 Spanhemius
1617 2592 1668 2632 ad

141 2668 290 2708 Callim.
325 2669 361 2708 h.
393 2669 507 2708 Dian.
544 2666 633 2708 194.
665 2668 731 2708 ubi
768 2668 874 2707 idem
905 2679 1042 2707 rursus
1071 2666 1223 2718 profert
1253 2665 1516 2717 fragmentum
1544 2665 1669 2705 Calli-

142 2741 285 2781 machi.
344 2741 520 2780 Videhar
551 2742 669 2780 etiam
700 2739 792 2779 mihi
826 2740 878 2778 ita
909 2740 1098 2790 scriptum
1128 2738 1295 2791 legisse:
1329 2734 1461 2790 νησά
1478 2752 1543 2777 ων
1573 2736 1668 2776 ἑπέ-

143 2828 245 2852 ιεινε
277 2818 351 2853 ete.
386 2825 486 2865 quae
527 2813 560 2852 si
592 2824 671 2851 non
705 2810 828 2862 proba
861 2810 1026 2862 genitivi
1070 2808 1223 2856 forma,
1257 2812 1367 2848 certe
1401 2806 1668 2847 Callimachea
