1856 3126
775 78 843 137 --.
888 110 972 149 155
1030 130 1082 138 -

159 227 394 267 vocabulum
430 228 468 266 in
502 226 650 266 Hecale
687 227 840 276 fuisse,
873 239 954 268 non
986 228 1100 280 alibi,
1144 229 1358 281 praestet?
1414 228 1463 268 Et
1507 227 1616 280 qum,
1659 230 1700 267 ut

162 301 279 339 suerit
310 300 387 350 ibi,
420 300 550 339 locum
581 301 785 350 praestet?
845 300 973 339 Veluti
1014 306 1142 352 aptum
1187 301 1409 348 α’σπαστύς
1445 299 1535 339 loco
1577 311 1702 351 supo-

160 374 287 422 riori,
327 371 394 410 ubi
435 370 602 422 primum
651 370 862 410 salutatum
906 383 998 411 esse
1044 371 1094 410 ab
1134 371 1284 411 Hecale
1316 371 1514 412 Theseum
1564 383 1700 412 narro.

154 443 369 494 Ἑκαλίνης
400 442 611 494 appellatio
653 443 687 482 si
722 443 793 483 suit
826 444 864 483 in
895 450 1109 496 poemate,
1153 444 1194 483 id
1230 444 1336 496 quod
1366 445 1520 495 credo,
1559 444 1631 484 suit
1660 445 1702 484 in

161 518 342 553 extremo
375 518 575 565 poemate.
635 514 883 555 Blandientis
915 521 1019 565 sunt,
1049 515 1122 554 sed
1157 515 1298 555 eadem
1318 516 1544 565 verissima,
1577 517 1611 555 si
1632 527 1705 555 re-

161 591 275 638 putes
306 598 422 625 anum
455 597 580 638 agere
621 599 708 627 cum
755 587 930 638 iuvene,
974 589 1120 637 τέκος,
1152 587 1190 627 in
1235 588 1302 627 illo
1334 584 1429 639 ἴσχε
1467 588 1612 639 τέκος,
1643 584 1702 640 μή

162 661 280 709 πῖθι,
313 662 352 697 et
384 670 478 697 mox
508 658 793 709 proferendum
823 661 977 699 τέκνον.

274 729 383 769 llaec
418 743 521 782 ego,
551 730 591 770 ni
621 730 762 781 fallor,
795 731 893 770 satis
932 729 1196 781 probabiliter
1232 728 1379 768 omnia.
1448 728 1533 769 Etsi
1573 729 1708 769 insunt

167 801 287 841 dubia
308 833 318 852 ‚
348 802 421 841 sed
452 814 556 854 quae
588 803 674 854 ipse
706 801 839 842 sassus
871 814 958 841 sum
991 813 1084 841 esse
1115 801 1247 841 dubia.
1312 802 1451 852 Nunc,
1494 806 1708 853 antequam

163 874 215 914 ad
248 874 342 924 alia,
375 886 541 926 quorum
575 885 787 913 commune
821 873 1021 926 quoddam
1050 874 1353 914 fundamentum
1384 877 1465 923 est,
1497 872 1705 925 accedam,

165 945 355 985 nonnulla
385 947 560 986 inseram
588 958 754 998 prorsus
784 946 954 986 incerta.
1015 947 1114 987 Sunt
1143 946 1247 985 enim
1286 947 1328 986 in
1371 946 1557 998 reliquiis
1587 944 1709 985 Calli-

164 1017 296 1058 machi
329 1019 547 1059 nonnullae
580 1023 657 1058 tam
686 1020 902 1072 generales
932 1024 1091 1071 tamque
1122 1018 1276 1059 habiles
1300 1030 1459 1059 omnem
1489 1019 1528 1058 in
1558 1022 1710 1071 partem

164 1092 387 1131 sententiae
405 1121 415 1140 ‚
444 1096 486 1130 ut
513 1092 655 1131 merito
689 1092 865 1143 ineptum
897 1091 1076 1143 dixeris,
1105 1092 1139 1131 si
1170 1092 1257 1143 quis
1288 1091 1459 1132 Hecales
1489 1103 1581 1132 esse
1611 1103 1711 1130 sen-

166 1164 327 1214 tentiaS,
360 1176 442 1203 non
475 1164 576 1204 alius
607 1164 825 1216 cuiuspiam
860 1175 1059 1216 personae
1091 1163 1407 1215 Callimacheae‚
1440 1163 1708 1204 contenderit.

164 1238 218 1278 At
248 1249 378 1289 neque
411 1236 490 1277 hoc
523 1239 732 1290 quisquam
764 1238 1045 1288 contenderit,
1086 1249 1169 1277 non
1216 1249 1309 1277 esse
1348 1237 1532 1276 Hecales.
1607 1236 1713 1275 Talis

167 1313 230 1349 est
271 1311 411 1362 gravis
456 1310 682 1361 sententia,
715 1315 753 1350 et
783 1314 950 1349 venuste
985 1311 1226 1360 enunciata,
1258 1310 1298 1350 in
1331 1310 1571 1363 Fragmento
1605 1309 1711 1360 quod

169 1382 357 1422 Ernestio
373 1381 633 1424 Ruhnkenius
652 1384 813 1436 [Epistt.
827 1383 953 1422 Tittm.
970 1395 1006 1434 p.
1026 1383 1139 1431 117.)
1160 1381 1424 1434 indicaverat,
1440 1382 1708 1423 CCCCXVlll.

819 1455 910 1496 ἐπεὶ
940 1453 1041 1503 θεὸς
1071 1455 1172 1495 οὐδὲ
1203 1453 1407 1507 γελάσσαι

353 1526 559 1568 ‘mavul
583 1527 839 1580 μερόπεσσιν
867 1527 1101 1582 ὀϊζυροῖσιν
1130 1527 1274 1570 ἔδωκε.

171 1600 384 1640 α’κλαυστί
410 1613 511 1640 unus
544 1601 672 1649 testis,
703 1601 1010 1641 commendante
1041 1602 1312 1642 Boissonadio
1348 1601 1499 1641 Callim.
1541 1613 1578 1653 p.
1613 1601 1709 1641 214.

170 1679 210 1714 et
239 1679 330 1714 ante
362 1674 411 1714 ad
450 1673 669 1717 Herodian.
701 1673 874 1727 Epimer.
906 1687 943 1727 p.
972 1674 1066 1715 957.
1126 1674 1206 1715 Sed
1245 1679 1377 1714 tamen
1416 1675 1517 1714 alter
1557 1679 1713 1721 auctor,

170 1746 304 1789 Schol.
337 1748 488 1788 Victor.
520 1749 680 1789 Homer.
711 1747 820 1787 lliad.
855 1747 918 1787 Vl.
951 1745 1045 1788 484.
1088 1748 1245 1800 lleynio
1276 1752 1314 1787 et
1342 1747 1528 1788 Bekkero
1557 1752 1715 1787 testan-

171 1820 290 1871 tibus,
320 1815 507 1861 οἶκλαυτί
533 1827 615 1874 (ap.
646 1821 865 1861 Blomlield.
898 1820 1130 1870 οἷκλαυτεί)
1173 1821 1309 1861 habet.
1379 1820 1429 1860 Et
1472 1821 1513 1860 in
1564 1820 1712 1871 hymno

169 1892 287 1932 Dian.
320 1892 414 1933 267.
447 1894 652 1934 α’κλαυτεί
675 1893 796 1941 libri,
838 1904 937 1945 quos
972 1893 1131 1945 quidem
1174 1892 1378 1943 novimus,
1423 1903 1578 1932 omnes.
1650 1891 1713 1941 Ut,

175 1965 459 2006 Callimachum
495 1966 601 2018 quod
646 1968 816 2015 attinet,
862 1966 947 2006 sere
995 1966 1097 2006 haec
1143 1970 1293 2006 tantum
1337 1965 1531 2006 dubitatio
1574 1967 1714 2013 restet,

170 2044 300 2079 utrum
331 2034 539 2080 α’κλαυτεί
563 2052 612 2079 an
646 2038 837 2079 α’κλαυτί.
900 2038 1015 2086 Quod
1046 2039 1149 2078 enim
1181 2038 1273 2078 alibi
1297 2037 1536 2091 significavi,
1568 2036 1716 2090 aliquid

174 2115 287 2153 cerni
318 2114 423 2153 inter
454 2112 632 2164 Hymnos
663 2117 702 2152 et
733 2112 910 2152 carmina
949 2117 1094 2164 poetae
1138 2111 1213 2151 alia
1247 2109 1523 2161 differentiae,
1557 2115 1598 2151 et
1628 2111 1717 2150 sin-

172 2186 354 2238 gularia,
388 2186 580 2225 audacter
610 2186 738 2236 dicta,
771 2186 914 2225 minori
946 2197 1113 2226 numero
1161 2186 1200 2224 in
1233 2184 1399 2237 Hymnis
1431 2184 1556 2226 fuisse
1600 2196 1718 2237 quam

177 2259 292 2299 alibi:
325 2260 363 2299 id
391 2271 469 2299 non
500 2264 656 2312 spectat
684 2259 734 2299 ad
767 2264 844 2299 tam
877 2260 1066 2299 minutam
1097 2257 1377 2307 differentiam,
1407 2256 1590 2298 οἷκλαυτι·
1607 2257 1717 2305 (sive

177 2330 409 2382 ἀκλαυτεί)
448 2337 486 2371 et
515 2333 748 2382 ἀκλαυστίς
782 2345 914 2384 neque
947 2332 1140 2372 credibile
1172 2336 1258 2380 est,
1291 2329 1410 2370 alium
1442 2329 1621 2369 colorem
1649 2330 1719 2370 uni

177 2403 345 2441 carmini
375 2414 427 2441 ex
451 2402 633 2443 α’κλαυτί
655 2413 709 2453 (s.
729 2399 961 2453 α’κλαυτεί)
985 2405 1103 2444 alium
1134 2404 1300 2444 carmini
1331 2403 1445 2443 alteri
1473 2414 1524 2442 ex
1556 2402 1721 2447 ἀκλαυ-

177 2473 251 2513 στί
275 2475 526 2525 quaesivisse
556 2480 729 2527 poetam.
788 2476 1025 2518 Ἀκλαυστί
1059 2476 1206 2517 Suidae
1250 2480 1311 2525 (et
1351 2475 1553 2527 Apollonii
1596 2475 1718 2527 Dysc.

178 2546 275 2585 Exc.
309 2558 346 2597 p.
377 2543 470 2585 434.
507 2547 570 2596 C.)
607 2560 629 2586 c
659 2548 901 2588 Callimacho
933 2561 1025 2588 esse
1055 2549 1141 2600 quis
1173 2560 1244 2600 pro
1279 2553 1390 2588 certo
1422 2547 1627 2587 al'lirmet‘?
1660 2546 1718 2586 Cf.

177 2618 425 2658 Blomfieldio
455 2623 641 2659 annotata
675 2621 714 2659 in
747 2620 876 2660 Gloss.
910 2620 1038 2663 Prom.
1070 2620 1222 2661 Aesch.
1244 2619 1336 2660 216.
1396 2619 1445 2659 Et
1474 2618 1524 2659 de
1554 2614 1717 2659 ἄκλαυ-

179 2706 274 2738 στος
305 2704 353 2730 an
387 2686 623 2744 ἄκλαυτος,
664 2703 766 2743 quae
797 2697 972 2745 cognata
1007 2693 1216 2744 quaestIO,
1257 2691 1377 2731 docte
1411 2691 1717 2745 diligenterque,

179 2768 222 2803 ut
246 2765 363 2815 solet,
397 2770 664 2817 exponentem
698 2765 936 2805 Ellendtium
968 2766 1009 2805 in
1041 2765 1191 2805 Lexico
1223 2764 1465 2818 Sophocleo.
1523 2765 1586 2805 Ad
1618 2776 1718 2805 sen-

181 2837 342 2877 tentiam
361 2837 588 2891 Fragmenti
619 2837 883 2878 CCCCXVlll.
915 2837 1078 2891 propius
1109 2837 1228 2879 etiam
1257 2849 1373 2891 quam
1407 2837 1556 2879 laudati
1575 2836 1715 2878 Ruhn-
