1856 3126
825 158 877 165 —
938 139 1020 178 214
1079 106 1161 166 —7

217 270 306 308 rus,
335 257 474 309 partim
506 268 583 308 quo
616 260 832 296 monstrem
863 267 944 294 non
975 266 1122 307 magno
1156 266 1244 294 eam
1279 254 1319 293 in
1351 263 1435 292 rem
1469 251 1616 292 ambitu
1645 263 1742 292 ver-

217 331 356 370 borum
378 341 477 380 opus
508 328 644 368 suissc.
684 327 804 368 Multa
826 331 1039 379 potuerunt
1061 326 1214 366 duobus
1238 325 1420 366 versibus
1443 322 1742 375 comprehendi.

215 403 275 448 εἰς
301 401 483 453 Ἀσίνην,
504 394 684 440 ’Ἀλυκόν
712 414 770 450 τε,
802 399 874 438 καί
903 394 1365 449 ιίιιιπόλινἙρμιονήων·
1423 392 1628 450 Δημήτρᾳ
1647 395 1743 434 τόθι

215 468 363 524 χάσμα
397 471 686 524 ὁυσέκὸρομον
724 472 933 523 αἰγιαλοῖο
1020 466 1235 523 ἔφρασαν,
1267 466 1483 518 ἁρπακτύν
1513 481 1556 506 τε
1588 469 1745 518 μελαγ-

214 544 368 595 χαίῑαῡ
404 536 597 589 ἄνακτος.
656 535 831 581 τοῦνεκα
867 540 938 581 καί
965 542 1106 588 νέκυες
1141 534 1381 592 πορθμήϊον
1415 533 1506 578 οὔτι
1543 539 1744 591 φέρονται

215 611 349 668 μούνῃ
381 612 446 651 ἑινί
473 610 679 659 πτολίων,
713 616 789 652 etc.
850 612 1026 659 Quorum
1068 621 1148 649 non
1188 609 1290 649 mala
1331 609 1559 659 videbitur,
1601 609 1744 660 quippe

220 684 326 724 sacta
356 684 404 723 ab
436 695 513 735 eo,
546 684 610 735 qui
642 684 766 735 ipsum
799 687 943 735 poetae
974 683 1104 722 locum
1136 693 1254 720 manu
1285 686 1462 730 teneret,
1491 676 1745 732 paraphrasis

220 768 335 795 csse:
377 752 421 795 ἐν
461 755 640 810 αἰγιαλῷ
669 753 749 807 γάρ
780 750 1038 805 καταβάσιόν
1069 755 1182 794 ἐστιν
1211 748 1340 807 ᾅδου,
1370 749 1411 799 ἐς
1443 747 1465 790 ὃ
1501 749 1747 791 (ἐπελθοῦσα

218 826 242 880 ἦ
275 825 477 880 Δημήτηρ
524 824 659 878 ἔμαθε
691 825 804 879 παρὰ
837 827 918 866 τῶν
958 823 1180 876 περιοίκων
1220 823 1318 877 περὶ
1360 825 1432 876 τῆς
1473 820 1647 875 Κόρης,
1677 821 1750 861 καί

221 897 462 950 ἐδωρήσατο
498 892 668 946 αὐτοῖς,
699 897 755 944 (ὃς
788 899 910 949 λέγει,
941 893 1095 951 ἄφεσιν
1124 897 1195 936 τοῦ
1216 897 1470 949 πορθμηὶόυ.
1508 894 1623 942 Quod
1644 894 1749 933 enim

222 968 512 1008 Grammaticus
541 969 701 1020 scripsit
732 967 788 1014 ὠς
827 968 933 1020 λέχει
966 967 1299 1017 (Callimachus]:
1341 979 1422 1006 non
1469 978 1567 1018 opus
1609 969 1671 1005 est
1707 968 1750 1004 ut

225 1041 374 1080 diserte
407 1039 588 1079 docuerit
622 1044 740 1092 poeta
784 1051 806 1078 a
850 1039 997 1079 Cerere
1034 1038 1165 1078 datam
1209 1038 1491 1077 innnunitatem
1537 1050 1641 1077 esse.
1706 1037 1751 1077 Id

222 1112 319 1151 satis
352 1110 584 1151 declarabat
620 1106 798 1151 τοῦνεκα
842 1110 1086 1150 coniunctio.
1155 1105 1220 1160 ὅγε
1265 1114 1471 1160 neutrum,
1511 1121 1592 1149 non
1633 1108 1750 1149 valde

221 1184 435 1232 usitatum,
468 1184 502 1223 si
543 1187 656 1223 recte
694 1184 880 1222 memini:
922 1182 994 1222 sed
1034 1181 1131 1221 nihil
1165 1183 1374 1233 excogites
1411 1181 1517 1233 quod
1558 1181 1751 1220 maiorem

225 1255 457 1295 facilitatem
498 1254 659 1296 habeat.
729 1254 887 1294 Excidit
929 1268 974 1306 γε
1015 1257 1178 1305 propter
1217 1252 1513 1293 similitudinem
1558 1252 1752 1304 syllabae,

223 1339 325 1380 quae
356 1326 611 1379 sequebatur,
639 1341 694 1366 τε.
754 1328 929 1378 τέθμιον
960 1325 1183 1377 praeclare.
1239 1325 1305 1366 Sic
1335 1324 1439 1364 solet
1467 1323 1752 1364 Callimachus:

222 1403 417 1438 monstrat
459 1397 640 1449 exempla
679 1397 827 1447 index,
874 1389 1207 1447 τέθμιαι-ιῧραι
1247 1395 1285 1435 h.
1325 1394 1454 1447 Apoll.
1483 1395 1550 1438 87.
1593 1395 1748 1446 τέθμια

223 1470 513 1510 substantivum
543 1468 580 1508 h.
611 1469 728 1508 Dian.
756 1468 843 1508 174.
876 1467 1052 1510 Cer.19.
1103 1464 1274 1522 τεθμόν,
1302 1467 1365 1507 vel
1384 1468 1560 1519 τεθμοῦ,
1591 1467 1751 1519 Fragm-

224 1542 301 1583 CV.
339 1547 371 1582 l.
431 1542 492 1581 Ac
520 1541 659 1580 nescio
694 1553 744 1580 an
783 1540 821 1580 id
851 1540 999 1592 primus
1031 1540 1296 1580 Callimachus
1330 1551 1448 1580 ausus
1488 1540 1537 1579 sit
1567 1551 1588 1578 a
1620 1539 1751 1590 poetis

221 1615 485 1655 Doriensibus
517 1625 723 1654 assumere
771 1617 810 1652 ct
849 1612 1115 1666 frequentare.
1173 1625 1265 1651 nam
1299 1612 1436 1651 dorica
1476 1611 1605 1650 forma
1638 1615 1751 1650 recte

224 1686 454 1736 vocabitur,
486 1687 598 1727 cuius
627 1686 836 1737 primarius
866 1691 1006 1725 auctor
1049 1689 1109 1725 est
1136 1675 1343 1725 Pindarus.
1404 1684 1565 1723 Praeter
1605 1683 1751 1722 Pinda-

225 1768 310 1796 rum
342 1756 554 1797 laudantur
579 1757 791 1809 Lycophro
822 1770 859 1796 v.
892 1757 987 1797 859.
1024 1756 1143 1796 1173.
1205 1756 1409 1809 Oppianus
1440 1757 1488 1806 is,
1522 1756 1587 1808 qui
1617 1755 1754 1807 Cyne-

225 1830 358 1881 getica
395 1828 568 1880 scripsit,
601 1827 629 1867 I.
652 1825 744 1867 450.
806 1826 980 1867 Boethus
1002 1827 1120 1867 Anal.
1149 1827 1217 1867 ΒΓ.
1245 1827 1292 1867 11.
1325 1839 1361 1879 p.
1387 1827 1475 1867 127.
1533 1826 1652 1866 Anth.
1673 1826 1752 1866 Pal.

227 1900 272 1940 Π.
303 1913 338 1952 p.
366 1901 432 1940 ὃὸ.
494 1899 552 1938 Cf.
587 1898 824 1938 Valckenar.
857 1899 980 1950 Epist.
1012 1899 1063 1938 ad
1092 1898 1141 1938 M.
1183 1898 1436 1950 Roeverum,
1475 1899 1621 1950 Opusc.
1657 1897 1685 1938 1.
1714 1910 1752 1950 p.

228 1972 321 2012 359.
361 1977 400 2011 et
431 1971 525 2012 363.
586 1971 704 2012 Addo
737 1971 976 2024 Gregorium
1017 1970 1146 2010 Carm.
1177 1970 1239 2009 Ill.
1273 1971 1311 2010 S.
1349 1970 1562 2010 XXXVlll.
1594 1971 1659 2010 20.
1687 1970 1754 2010 48.

227 2043 269 2083 L.
312 2043 400 2083 166.
434 2044 601 2094 οἰσέμεν
630 2044 924 2097 significatione
954 2043 1115 2083 aoristi:
1147 2042 1479 2095 quemadmodum
1513 2047 1604 2082 ante
1635 2042 1754 2082 Calli·

232 2115 416 2155 machum
448 2115 651 2167 loquutum
692 2127 783 2155 esse
815 2115 1028 2155 Homerum
1061 2114 1338 2154 animadvertit
1375 2116 1450 2153 iam
1481 2114 1754 2156 CasaubonuS.

230 2168 338 2226 Idem
371 2187 572 2239 discrepat
600 2199 622 2226 a
656 2198 702 2226 se
733 2187 838 2239 ipso,
873 2186 963 2226 dum
994 2186 1044 2226 ad
1064 2187 1300 2227 Strabonem
1321 2180 1497 2236 ἄλλους,
1532 2187 1570 2225 ἰη
1591 2187 1757 2226 Lectio-

231 2259 348 2298 nibus
379 2258 576 2297 Thcocrit.
609 2252 750 2305 ἄλλοις
780 2258 888 2310 legit,
920 2261 959 2297 et
989 2259 1029 2297 in
1057 2257 1245 2309 Epistolis
1275 2257 1349 2297 illis
1383 2257 1433 2296 ad
1465 2257 1616 2297 Theod.
1648 2257 1758 2297 Can-

233 2336 358 2371 terum
385 2331 552 2382 primum
582 2330 663 2370 sic:
705 2354 760 2362 -
790 2325 918 2370 ἄλλον
938 2322 1190 2382 ’Ἀνθρωπον
1222 2325 1475 2380 στομάτεσσι
1503 2327 1606 2376 νειὸς
1634 2331 1759 2381 Ἀχε-

236 2404 423 2455 ροντειάς
454 2402 524 2442 ἑπί
549 2397 730 2453 βάθρον,
760 2413 880 2442 versu
911 2402 1191 2453 hypcrmetro,
1219 2405 1359 2453 postea
1391 2401 1469 2440 sic:
1505 2394 1658 2448 ἄλλους
1683 2400 1759 2442 Ἔν

236 2473 490 2524 στομάτεσσι
524 2478 599 2512 etc.
630 2477 672 2512 ut
701 2473 750 2512 ad
778 2472 1028 2514 Strabonem.
1087 2472 1136 2512 Et
1173 2473 1334 2512 omnino
1373 2476 1551 2524 praestat
1592 2466 1755 2519 ἄλλους.

237 2543 386 2583 Rursus
430 2545 625 2584 atticissat
655 2545 919 2584 Callimachus
958 2557 1080 2585 versu
1114 2543 1260 2584 tertio:
1306 2542 1411 2591 νεώς
1449 2540 1756 2596 Ἀχεροντειάς.

238 2615 322 2654 Etsi
355 2615 405 2654 de
434 2614 695 2668 Ἀχεροντεία
727 2615 769 2656 id
796 2620 945 2655 tantum
977 2620 1128 2656 certum
1160 2619 1234 2666 cst,
1259 2616 1560 2667 exquisitiorein
1590 2616 1757 2655 formam

240 2697 343 2723 esse.
404 2687 574 2726 illustrat
593 2685 759 2726 sormam
789 2684 1062 2740 Ἀχερόντιος,
1086 2684 1347 2740 Ἀχεροπιά,
1377 2687 1440 2727 vel
1468 2686 1757 2738 Ἀχεροιντεία,

240 2756 421 2796 tuoni-Ans
452 2759 501 2797 ael
529 2759 662 2811 Eurip.
692 2760 841 2799 Alcest.
876 2759 970 2799 455.
1041 2760 1178 2811 Neque
1218 2758 1430 2798 immodica
1469 2755 1596 2796 videri
1639 2756 1760 2797 debet

243 2828 433 2878 audacia,
461 2829 761 2883 Ἀχεροντειάς
788 2831 1000 2871 restituere
1034 2829 1277 2871 Callimacho
1306 2840 1378 2881 pro
1413 2839 1483 2879 co,
1510 2827 1617 2880 quod
1654 2828 1758 2881 apud
