1856 3126
121 264 164 297 μ.
194 249 226 288 ὲ.
261 247 305 290 11.
337 246 406 285 96.
448 256 526 297 quo
560 246 740 287 Graelius
772 250 858 288 iure
899 250 1051 300 θαῦμα
1091 249 1129 289 δ’
1159 247 1246 301 ἔχω
1285 251 1463 304 supplet,
1504 249 1649 299 eodem

122 321 207 360 iure
238 318 378 368 aliquis
409 313 558 368 θαῦμά
588 316 747 369 μ’ᾼέχει
777 321 968 359 restituat.
1046 321 1274 361 Callimachi
1305 327 1435 362 autem
1466 332 1552 362 non
1577 335 1648 362 so-

120 392 196 431 lum
228 389 423 429 vocabula
466 389 610 436 multa,
649 389 685 429 h.
722 404 755 430 e.
791 393 955 443 primum
1005 392 1204 446 divulgata
1251 407 1271 433 a
1315 395 1558 435 Callimacho
1599 407 1647 435 ac

121 462 369 515 frequentata
402 471 520 499 versu
551 460 741 514 heroica,
775 467 812 503 et
845 463 1027 503 adamata
1051 464 1294 504 Callimacho
1328 468 1536 517 vocabula,
1560 468 1647 507 sive

119 544 170 571 ex
200 533 286 584 ipso
319 531 561 570 Callimacho
596 531 758 580 doctus,
793 535 878 573 sive
920 546 969 572 cx
1009 534 1096 574 aliis
1133 535 1399 574 Callimachea
1445 537 1644 590 elegantia

118 604 275 643 imbutis
306 604 447 655 poetis,
483 603 706 655 frequentat
727 606 997 656 Apollinaris:
1029 605 1163 645 εἵνεκα
1198 613 1290 658 (pro
1320 604 1483 658 οὕνεκα,
1510 610 1648 658 semel,

118 677 150 715 si
182 688 316 715 verum
340 679 413 724 est,
445 675 502 714 rs.
524 674 733 715 xxxviii.
766 677 884 716 ei'isn’
905 675 983 729 ἐγώ
1007 681 1170 727 ξεῖνος),
1201 672 1358 728 ἄεισμα
1378 680 1460 727 [rs.
1482 680 1647 720 CXLIII.

118 752 156 786 et
187 759 307 798 saepe
336 740 387 786 in*
409 746 527 786 titulis
562 747 837 797 Psalmorum),
870 747 1058 800 ἤνεκέως,
1094 750 1325 802 φερέζωος,
1363 752 1557 804 (σελήνης
1588 754 1647 792 Ps.

115 818 250 858 LXXI.
282 818 499 870 epitheton,
529 819 621 858 alihi
654 819 814 866 aliter),
846 818 993 867 α’βάλε,
1028 818 1260 869 αἐρτοίζειν,
1292 816 1514 871 ἀριήκοος,
1553 816 1650 861 οἷοί-

118 891 262 943 ὁιμος,
293 887 428 940 ἔμπα,
465 888 577 940 {suna
611 904 654 942 γε
682 886 789 940 μήν,
825 887 973 941 ἑσσήν,
1002 887 1184 942 ευάγής,
1215 889 1411 942 νήχυτος,
1447 889 1648 942 ὃμέστιος,

117 961 337 1015 περιηγής,
369 959 628 1008 πολύθεστος
653 961 927 1012 συνέμπορος,
947 960 1087 1012 ψύθος
1108 962 1190 1010 (PS.
1209 961 1337 1001 CVIII.
1358 967 1396 1001 et
1415 962 1649 1012 CXXVlt.):

115 1033 186 1072 sed
218 1035 335 1072 etiam
373 1032 604 1084 complexus
640 1034 852 1073 verborum
889 1034 1008 1073 habet
1038 1034 1088 1073 ad
1119 1035 1414 1075 similitudinem
1447 1035 1646 1086 locorum,

116 1104 180 1156 qui
227 1106 425 1145 sonabant
469 1111 559 1145 ante
601 1118 741 1154 aures,
783 1105 1014 1144 Callimachi
1058 1106 1345 1146 conformatos.
1416 1108 1475 1147 Ps.
1513 1108 1645 1148 LXVL

115 1179 231 1216 θεῖον
263 1169 369 1228 ὄρος,
397 1179 632 1224 πολυαιθὲς
662 1171 759 1228 ὅρος
786 1173 900 1227 μάλα
931 1182 1049 1215 πῖον
1080 1174 1253 1232 ἐτύχθη,
1285 1183 1401 1219 πῖον
1434 1172 1568 1231 ὅρος.
1592 1205 1646 1212 --

115 1247 165 1287 ad
196 1247 289 1287 Lav.
322 1247 411 1286 Pall.
444 1248 509 1287 40.
549 1250 702 1297 Κρεῖον
733 1247 771 1286 δ’
801 1249 859 1294 εἰς
889 1241 986 1298 ὅρος
1018 1247 1223 1302 (ᾐκίσατο,
1261 1249 1418 1298 Κρεῖον
1447 1242 1555 1300 ὅρος.
1594 1250 1644 1290 cf.

112 1319 172 1359 PS.
206 1319 395 1359 LXXVll.
433 1314 529 1370 ὅρος
563 1344 614 1350 —-
655 1316 817 1358 κλεινὸν
858 1313 963 1369 ὅρος.
1040 1320 1099 1359 PS.
1140 1318 1308 1358 LXXVI.
1363 1317 1644 1374 ἤρνεόμην

112 1392 367 1442 πραπίδεσσι
421 1391 812 1442 παρηγορέοντος
864 1389 1144 1440 α’κοῦσαι,
1193 1401 1244 1429 ex
1294 1390 1443 1430 Gallim.
1490 1392 1644 1445 Fragm.

114 1462 276 1502 CXLIV.
321 1462 444 1508 (infra
477 1463 569 1514 Cap.
610 1462 711 1508 Vll.)
756 1458 965 1515 ἡρνεόμην
1007 1463 1207 1502 θανάτοιο
1255 1462 1384 1502 πάλαι
1425 1465 1646 1510 καλέοντος

113 1531 309 1574 ἀκοῦσαι.
348 1535 396 1574 cs.
422 1535 482 1574 PS.
515 1534 557 1574 C.
589 1528 694 1581 οῦας
725 1531 826 1582 ἐμὸν
850 1534 1067 1586 πέφρακτο
1097 1535 1418 1586 κακηγορέοντος
1448 1534 1644 1575 οἰκοῦσαι.

112 1606 171 1645 Ps.
204 1606 278 1645 CV.
314 1600 463 1645 οὔασιν
497 1601 726 1658 ἠρνήσαντο
758 1606 862 1644 θεοῦ
893 1606 1109 1651 λαλέοντος
1143 1603 1336 1646 α’κοῦσαι.
1395 1605 1454 1645 PS.
1475 1605 1644 1647 CXVIII.

114 1676 285 1727 Θεσμιὶν
318 1675 393 1717 σον
424 1674 745 1730 φιλέεσκον,
779 1676 916 1730 α’τοὶρ
945 1677 1278 1728 στυγέεσκον
1308 1676 1550 1728 ἅθέσμουςε
1593 1678 1643 1718 ad

108 1749 403 1788 similitudinem
437 1748 532 1788 dicti
564 1749 688 1789 illius:
731 1745 927 1800 ἑσπέριον
969 1749 1212 1803 φιλέουσιν,
1246 1746 1354 1799 duty
1396 1753 1645 1801 στυγέουσιν

108 1817 223 1876 ἑῷον.
284 1832 518 1872 quamquam
547 1832 678 1871 neque
701 1814 1035 1871 ἀποστυγέουσιν
1064 1819 1282 1860 inauditum
1305 1820 1546 1871 Apollinari:
1578 1821 1641 1861 Ps.

108 1891 333 1932 LXXXVll.
368 1892 698 1944 α’ποστυγέουσιν
729 1891 886 1941 ὁμοῖον.
948 1891 1118 1931 Omnino
1149 1896 1310 1944 praeter
1328 1891 1542 1933 Homerum
1577 1893 1642 1934 vix

108 1964 290 2004 invenias
322 1965 502 2012 alterum,
537 1965 649 2004 cuius
680 1976 813 2003 sermo
846 1968 992 2003 tantum
1018 1968 1055 2002 ct
1084 1965 1368 2016 grammaticos
1401 1964 1641 2012 exercuerit,

110 2039 149 2073 ct
187 2039 296 2075 tanto
330 2048 497 2075 numero
535 2040 735 2076 amatores
770 2035 1069 2086 imitatoresque
1111 2047 1236 2088 usque
1278 2035 1327 2075 ad
1361 2036 1639 2078 recentissima

107 2111 285 2159 tempora
316 2109 579 2158 excitaverit,
612 2112 760 2160 quanto
791 2107 1068 2147 Callimachus.

215 2180 275 2218 De
306 2184 394 2220 ortu
422 2181 523 2219 tauri
552 2185 679 2219 utrum
712 2192 758 2219 ea
797 2180 1015 2230 brevitate,
1047 2192 1123 2232 qua
1154 2180 1372 2220 Pausanias
1403 2180 1546 2230 utitur,
1587 2191 1639 2220 an

108 2249 215 2301 quod
248 2250 364 2290 facile
394 2251 658 2302 crediderim,
688 2251 871 2300 uberius,
902 2263 949 2290 ea
984 2251 1069 2291 fere
1102 2264 1204 2303 quae
1245 2252 1349 2291 binis
1377 2250 1478 2291 locis
1521 2250 1645 2292 tradit

105 2321 398 2373 Apollodorus,
427 2328 547 2375 poeta
578 2323 776 2373 retulerit,
808 2323 1034 2376 ambiguum
1080 2327 1152 2363 est.
1226 2323 1375 2374 Quam,
1417 2323 1641 2375 praebente

107 2395 365 2433 occasionem
394 2400 522 2445 tauro,
551 2396 768 2435 Pausanias
796 2396 837 2434 in
867 2396 1097 2435 universum
1118 2395 1427 2446 disputationem
1450 2393 1500 2432 de
1518 2404 1638 2432 mon-

105 2465 197 2504 stris
226 2465 423 2506 eiusmodi
454 2468 632 2518 instituit,
664 2472 702 2506 et
732 2467 838 2519 quod
868 2467 1034 2506 scribit:
1067 2461 1176 2506 ὥστε
1205 2464 1279 2506 καί
1297 2466 1461 2518 ἐλέγετο
1483 2463 1535 2505 τὰ
1557 2467 1638 2516 μὲν

104 2534 264 2576 ἀνιέναι
297 2534 372 2589 τήν
402 2539 498 2589 γῆν,
540 2538 680 2577 horum
713 2538 854 2578 similia
885 2538 1025 2578 eadem
1068 2538 1288 2578 occasione
1324 2549 1346 2575 a
1390 2536 1635 2576 Callimacho

105 2606 208 2647 dicta
251 2607 375 2646 fuisse
418 2610 695 2648 coniiciebam.
771 2609 888 2649 Certe
937 2610 1037 2649 haec
1084 2610 1343 2648 inveniuntur
1383 2609 1423 2648 in
1466 2608 1638 2649 scholiis

103 2679 303 2731 Apollonii
332 2679 405 2719 Rh.
441 2680 468 2719 Ι.
501 2680 593 2719 761.
637 2680 686 2719 de
719 2680 962 2720 Callimacho
1004 2681 1174 2732 scripta:
1208 2679 1299 2720 ἀλλ’
1327 2679 1534 2731 ἐροῦμεν,
1570 2676 1632 2721 ὅτι

42 2804 47 2806 v
105 2747 141 2789 οἱ
173 2753 343 2802 ποιηταί
378 2749 476 2797 τοὺς
521 2751 774 2801 τερατώδεις
821 2749 924 2791 κατὰ
964 2749 1007 2789 τὸ
1049 2751 1172 2802 σῶμα
1218 2752 1292 2803 γῆς
1336 2745 1440 2792 εἶναι
1487 2754 1632 2806 φασίνι

105 2818 211 2862 οἷ”ιω
237 2819 318 2875 γάρ
348 2822 418 2863 καί
442 2821 731 2877 >Καλλίμαχος
