1856 3126
809 138 1110 177 —252-

181 254 302 295 kenio
332 253 456 306 Epist.
489 255 576 295 crit.
606 254 650 295 11.
684 266 720 307 p.
756 252 847 295 145.
879 255 1078 295 indicatis.
1191 254 1270 296 Sed
1299 254 1391 295 talia
1424 253 1654 295 dubitanter
1685 268 1709 296 a

183 337 246 364 me
279 324 451 376 proferri
482 325 706 366 meminerit
724 325 866 375 lector,
894 329 933 364 et
962 325 1110 364 monita
1130 329 1208 365 tum
1240 327 1334 366 alibi
1362 331 1442 366 tum
1472 338 1591 378 supra
1612 327 1708 380 Cap.

182 396 244 435 vl.
280 408 316 447 p.
340 396 433 436 227.
467 401 635 448 reputet.
721 397 787 437 Sic
816 398 1054 450 Fragmenta
1076 396 1199 437 CCCI.
1220 403 1259 438 et
1279 398 1422 438 CCCll.
1454 398 1530 437 hac
1558 402 1708 439 tanturn
1742 417 1745 423 ·

182 467 232 506 de
266 479 409 507 caussa
443 468 494 508 ad
526 468 700 508 Hecaten
733 468 881 520 refero,
911 469 1002 520 quia
1034 468 1128 507 nihil
1155 473 1282 519 vetat,
1314 470 1525 521 quominus
1556 481 1606 509 eo
1637 481 1709 510 re-

181 538 382 588 serantur3
417 542 456 577 et
492 534 692 588 ω’λόψατο
724 540 878 591 χαίτας
916 539 1057 578 merito
1091 538 1246 579 dubites
1271 552 1320 579 an
1355 541 1404 579 sit
1433 541 1535 580 iusto
1567 539 1708 580 fortius

181 610 221 649 in
250 610 356 650 luctu
402 621 483 648 non
514 622 637 660 vero,
670 609 742 649 sed
783 614 930 649 tantum
976 611 1224 662 cogitatione
1271 613 1508 663 anticipato.⁴
1574 611 1628 650 At
1669 611 1709 650 in
1775 632 1779 634 s

179 682 418 734 Fragmento
451 680 616 721 CXLIV.
659 681 865 733 aliquanto
895 682 1023 722 maior
1052 686 1111 721 est
1141 683 1426 734 probabilitas,
1458 687 1499 723 ut
1529 694 1606 735 quo
1639 694 1710 722 se-

178 764 268 791 nem
300 752 409 803 loqui
442 751 503 791 vel
536 764 651 791 anum
684 752 937 793 manifestum
969 755 1032 793 sit.
1089 753 1137 793 Et
1168 754 1261 794 illud
1289 754 1462 807 Αἴθρην
1490 751 1564 804 τήν
1591 748 1710 793 εὔτε-

178 838 270 863 κνον
301 822 362 863 ἐπ’
396 823 436 864 α’.
466 822 651 873 ύδέοιμι,
683 823 913 863 Callimachi
947 836 1038 863 esse
1070 825 1261 876 probatur
1286 825 1475 875 dictione,
1504 829 1709 863 monstra-

181 898 299 946 taque
329 907 351 934 a
384 895 502 934 nobis
531 894 694 935 alterius
718 895 931 947 fragmenti
952 895 1207 936 Callimachei
1227 897 1458 946 vicinitate;
1487 908 1538 936 ex
1556 895 1707 936 Hecale

180 970 311 1004 autem
340 977 432 1005 esse
462 965 583 1005 docet
610 967 822 1005 sententia.

290 1108 416 1155 Quam
454 1107 519 1147 diu
552 1108 734 1146 anxietas
765 1106 936 1146 Hecales
969 1106 1270 1158 perduraverit,
1309 1108 1348 1144 et
1388 1116 1490 1157 quae
1533 1110 1708 1158 cognata

179 1180 363 1231 quaestio
394 1180 543 1229 altera,
574 1190 691 1230 quam
725 1178 790 1218 diu
819 1178 998 1218 Theseus
1031 1178 1072 1216 in
1100 1177 1270 1227 itinere,
1301 1176 1407 1228 quod
1438 1176 1513 1217 fuit
1543 1177 1591 1217 ab
1621 1177 1707 1217 He-

177 1250 264 1290 cale
295 1251 336 1290 in
368 1262 548 1302 campum
567 1249 874 1301 Marathonium,
904 1253 984 1289 tum
1014 1250 1053 1288 in
1076 1247 1362 1300 investigando
1385 1247 1707 1301 debellandoque

176 1326 290 1362 tauro
325 1320 545 1375 occupatus
578 1323 718 1373 suerit,
750 1322 897 1362 dictum
928 1326 988 1361 est
1019 1321 1111 1374 Cap.
1145 1319 1208 1360 Vl.
1239 1324 1340 1363 extr.
1408 1319 1497 1372 Ego
1528 1320 1733 1375 Hecatae,

176 1395 227 1434 ad
258 1394 540 1445 metuendum,
573 1393 892 1441 lamentandum,
929 1391 1200 1444 precandum,
1240 1391 1507 1443 sperandum,
1538 1392 1706 1443 spatium

176 1466 362 1506 concedo
393 1466 545 1518 aliquot
577 1466 742 1505 dierem.
802 1464 844 1504 ld
885 1469 1003 1516 poeta
1038 1469 1103 1504 aut
1143 1464 1320 1513 diserte,
1350 1462 1514 1503 definito
1549 1463 1703 1503 dierum

177 1550 366 1587 numero,
396 1538 697 1586 declaraverat,
729 1538 849 1577 veluti
878 1538 960 1577 sic:
1002 1537 1055 1576 At
1093 1537 1159 1576 ubi
1190 1540 1352 1588 quartus
1385 1535 1471 1575 dies
1505 1536 1642 1586 venit,
1671 1536 1706 1575 is

177 1610 263 1649 dies
297 1609 426 1649 fatalis
455 1610 526 1649 fuit
555 1609 741 1649 Hecalae.
776 1613 842 1649 aut
872 1620 954 1648 non
986 1613 1063 1648 tam
1099 1608 1262 1657 diserte,
1294 1606 1366 1647 sed
1398 1611 1439 1645 ut
1470 1608 1568 1664 satis
1597 1611 1707 1646 esset

174 1682 429 1736 intelligenti,
460 1682 720 1722 indicaverat.
781 1681 910 1720 Veluti
942 1681 1026 1720 sic:
1059 1679 1235 1719 Hecalcn
1263 1682 1355 1731 post
1378 1678 1526 1718 abitum
1559 1678 1705 1718 Thesei

173 1758 310 1793 noctes
341 1754 504 1804 diesque
534 1754 724 1806 agitatam
754 1764 840 1804 spe,
870 1757 990 1802 metu,
1021 1751 1289 1791 sollicitudine
1320 1762 1426 1789 esse.

288 1896 455 1936 Moritur
485 1897 646 1936 Hecale.
704 1897 765 1936 Ac
799 1896 997 1945 fortasse,
1030 1897 1064 1934 si
1092 1894 1186 1933 mihi
1221 1903 1380 1944 quoque
1411 1889 1567 1942 poetari
1598 1888 1706 1938 licet,

176 1967 231 2006 ita
263 1966 364 2006 haec
394 1972 676 2019 composuerat
706 1967 991 2008 Callimachus:
1025 1965 1271 2004 Contremuit
1298 1962 1460 2010 Hecale,
1490 1959 1705 2000 infaustum

177 2043 389 2078 canentem
423 2039 590 2078 audiens
619 2042 829 2088 noctuam,
858 2041 897 2076 et
927 2039 1139 2075 exsecrata
1168 2038 1228 2073 est
1269 2032 1488 2072 volucrem.
1546 2029 1594 2068 Et
1625 2029 1705 2068 hoe

179 2109 337 2160 quidem
376 2114 622 2160 consequuta
667 2113 751 2158 est,
782 2112 824 2147 ut
866 2110 1067 2146 averteret
1101 2116 1216 2144 omen
1257 2116 1280 2143 a
1312 2102 1482 2142 Theseo.
1549 2101 1602 2140 At
1640 2100 1704 2139 vel

176 2179 236 2218 sic
267 2192 362 2219 vera
394 2181 597 2219 cecinerat
627 2184 797 2219 noctua:
829 2191 919 2218 nam
948 2178 1016 2217 tibi
1045 2177 1134 2229 ipsi,
1169 2177 1276 2216 bona
1298 2174 1450 2223 mulier,
1484 2183 1608 2224 prope
1639 2173 1706 2211 in-

175 2250 305 2290 stabat
342 2251 428 2290 dies
467 2251 625 2299 fatalis,
660 2255 735 2290 etc.
803 2250 876 2289 Vel
919 2250 1003 2289 sic:
1055 2249 1107 2288 At
1152 2247 1377 2287 fallebaris:
1420 2256 1501 2284 non
1546 2243 1704 2283 Theseo

177 2322 305 2373 enim,
333 2322 406 2362 sed
437 2323 507 2362 tibi
539 2326 617 2363 etc.
677 2322 747 2361 Cui
778 2321 870 2360 loco
912 2319 1086 2359 sortasse
1120 2317 1252 2358 habile
1284 2318 1440 2370 Fragm.
1471 2314 1702 2355 CCCXVIII.

509 2391 625 2446 κάρτ’
660 2391 799 2445 otyor-91}
834 2389 1013 2442 κικυμίς.

176 2464 331 2503 Deinde
363 2465 397 2503 si
425 2463 654 2504 Callimachi
687 2467 763 2511 est,
796 2462 901 2514 quod
935 2461 1192 2502 Ruhnkenius
1219 2459 1342 2511 Epist.
1367 2458 1453 2498 crit.
1471 2457 1518 2499 Il.
1548 2468 1585 2509 p.
1609 2456 1700 2497 132.

177 2538 216 2572 et
248 2535 383 2586 Epistt.
415 2534 543 2574 Tittm.
577 2547 613 2587 p.
649 2536 714 2574 21.
749 2534 958 2585 (itemque,
991 2537 1162 2573 testante
1193 2529 1439 2580 Gaisfordio‚
1470 2528 1702 2568 Valckena-

176 2606 280 2655 rius)
312 2607 561 2657 suspicatur,
597 2606 876 2658 Fragmentum
919 2616 980 2656 ap.
1013 2603 1121 2645 Suid.
1152 2615 1190 2645 v,
1222 2597 1485 2656 Ἀφραστύες
1521 2599 1700 2650 (Fragm.

176 2676 314 2719 Bloml'.
349 2677 711 2726 CCCCLXXXIX.)
754 2689 834 2716 non
866 2677 968 2716 male
999 2674 1263 2715 transferetur
1294 2672 1345 2711 ad
1384 2672 1489 2711 hanc
1522 2669 1702 2720 disputa-

179 2747 348 2798 tionem,
378 2749 449 2787 sed
482 2750 584 2788 inter
614 2760 686 2797 ea,
714 2759 816 2798 quae
847 2747 968 2799 longe
998 2745 1292 2785 incertissima:

510 2820 700 2870 σχέτλιαι
731 2813 972 2872 ἀνθρώπων
1000 2816 1269 2871 ιίφρασῑιῖες;
