1856 3126
767 95 1074 135 —135—

155 213 243 253 crit.
276 212 321 253 11.
354 227 388 266 p.
414 213 504 253 179.
539 211 823 253 Ruhnkenius:
853 209 990 266 χύδην
1020 214 1058 252 ‹5’
1084 212 1289 262 ἐπέβαλλε
1318 209 1501 265 τραπέζῃ
1532 208 1594 250 εἰν
1623 207 1696 248 ἁλί

151 288 383 340 νηχομένης
430 284 749 338 φθινοπωρίδος
789 279 918 331 ἄνθος
962 281 1104 336 ἐλαίης
1146 282 1348 335 Βρόγγος.
1432 282 1492 321 De
1535 280 1692 320 duobus

151 358 256 412 apud
287 357 507 397 Bentleium
540 357 780 396 testimoniis
812 356 960 396 Suidae
995 357 1031 393 in
1063 367 1099 393 v,
1132 353 1392 406 Γεργέριμον
1432 357 1473 391 et
1503 365 1539 391 v.
1575 353 1692 392 Φθι-

151 430 356 482 νόπωρον,
389 429 554 468 alterum
582 429 621 467 in
648 427 935 480 Φθιινόπωρον
965 439 1069 465 nunc
1101 426 1248 465 delevit
1268 424 1532 465 Gaisfordius.
1590 438 1693 476 γερ-

148 502 322 553 γέριμον
368 513 506 542 rursus
552 499 1025 540 commemorat‘Suidas
1057 499 1096 538 in
1126 493 1276 538 Ἐλαά;
1325 523 1376 528 -
1420 493 1486 536 ἶίτι
1531 494 1606 549 τὴν
1645 497 1692 536 ἐν

149 574 207 627 τῷ
237 574 396 628 δένδρῳ
429 574 718 612 πεπανθεῖσαν
749 569 878 611 ἐλάαν
905 571 1120 623 γιγέριμον
1150 570 1266 620 (libb.
1295 569 1419 609 Gaisf.
1451 570 1691 621 γιγέρημον,

146 646 386 698 γεγέριμοιι)
417 643 571 698 ἔλεγον·
603 645 704 695 παρ’
738 643 837 696 ἡμῖν
860 645 904 683 δὲ
926 640 1161 695 ῥουπάταν.
1186 641 1264 681 hoc
1286 645 1528 693 postremum
1549 650 1693 678 emen-

136 704 243 757 'dant
278 718 483 769 ὃροῦπαν.
529 717 581 757 cf.
615 716 759 757 SuidaS
790 717 828 755 in
862 711 1048 767 Δρύππα
1080 718 1120 753 et
1149 714 1402 766 Λρυπέπης,
1432 712 1498 751 ubi
1530 724 1553 750 e
1585 711 1692 750 Cor-

146 789 255 829 nelio
285 790 426 843 Longo
471 786 616 838 (Anal.
642 788 705 828 ΒΓ.
736 787 781 827 ΙΙ.
827 800 864 840 p.
898 788 991 827 900.
1044 786 1163 826 Anth.
1196 785 1316 825 Palat.
1348 784 1374 823 Ι.
1408 796 1445 836 p.
1470 782 1587 832 246.)
1619 780 1691 836 τήν

146 860 190 900 θ’
212 856 444 901 ἁλίπαστον
471 859 680 913 ὐρύπεπα,
714 864 753 899 et
784 872 804 899 a
835 859 1006 899 Kustero
1037 858 1180 899 Glossa
1213 858 1395 897 laudatur
1425 856 1549 896 haec:
1581 855 1691 906 Γερ-

145 934 334 986 γέριμος·
367 933 490 973 ἐλαιά
521 936 714 984 μέλαινα.
774 933 861 973 Νοη
893 931 1204 985 negligendum,
1234 930 1340 983 quod
1373 930 1410 968 in
1442 927 1690 979 Anthologia

146 1005 324 1044 Palatina
357 1010 448 1044 ante
481 1006 727 1057 epigramma
763 1004 940 1044 Cornelii
981 1004 1108 1055 Longi
1156 1004 1377 1054 proximum
1413 1004 1502 1050 est,
1543 998 1688 1039 eodem

146 1082 416 1130 argumento,
462 1077 707 1128 epigramma
757 1075 954 1116 Gaetulici
998 1073 1136 1125 (Anal.
1166 1073 1231 1117 ΒΓ.
1264 1072 1309 1112 Π.
1354 1085 1391 1124 p.
1428 1070 1568 1121 166.]:
1619 1068 1693 1110 καί

145 1149 303 1202 ταύτην
336 1150 543 1201 α’πέτηλον
575 1147 869 1199 ἁλινήκτειραν
902 1149 1057 1201 ἐλαίην.
1119 1146 1224 1199 quod
1256 1144 1400 1186 Stlidas
1443 1145 1690 1195 interpreta-

146 1224 207 1260 tur
236 1218 311 1273 τήν
342 1221 386 1261 ἐν
417 1219 491 1261 ἁλί
517 1222 768 1272 νηχομένην.
829 1219 997 1272 Reputet
1028 1219 1146 1259 velim
1177 1219 1307 1258 lector
1336 1229 1399 1256 me
1419 1216 1496 1256 hac
1516 1216 1688 1255 maxime

145 1294 186 1333 in
221 1298 333 1346 parte
364 1293 537 1333 Hecales
569 1293 795 1332 consistere
825 1294 863 1332 in
894 1293 971 1342 iis,
1006 1304 1108 1344 quae
1139 1292 1189 1331 ad
1219 1291 1532 1343 explicationem
1562 1287 1688 1327 Calli-

143 1365 274 1406 machi
309 1368 522 1419 sufficiant,
550 1381 633 1409 non
663 1370 842 1420 arripere
873 1369 1061 1421 quicquid
1093 1369 1143 1408 ad
1174 1380 1256 1419 res,
1287 1378 1386 1419 quas
1418 1365 1574 1417 attingit
1594 1363 1690 1404 Cal-

143 1437 357 1486 limachus,
390 1439 523 1491 aliquo
556 1440 679 1480 modo
710 1439 968 1480 referendum
1000 1444 1066 1479 aut
1095 1443 1256 1479 veteres
1286 1439 1509 1490 scriptores
1539 1436 1688 1476 docent

145 1514 213 1549 aut
242 1511 482 1563 interpretes
514 1513 670 1553 illorum
709 1514 785 1554 viri
817 1513 926 1553 docti
958 1512 1141 1553 afferunt.
1202 1513 1268 1553 Sic
1308 1512 1436 1564 probe
1472 1509 1686 1556 recordor,

149 1593 251 1633 quae
285 1581 334 1621 ad
365 1582 492 1623 olivas
525 1582 826 1636 κολυμβάδας,
857 1582 1076 1635 ἁλμάδας,
1120 1583 1243 1633 alias,
1284 1584 1525 1635 pertinentia
1554 1582 1686 1624 Athe-

147 1665 273 1694 naeus
305 1653 351 1694 11.
382 1667 418 1707 p.
449 1655 515 1695 56.
554 1656 833 1708 interpresque
865 1655 1063 1695 Athenaei
1091 1655 1505 1709 Schweighaeuserus
1545 1655 1687 1707 dispu-

149 1729 243 1766 tant.
303 1727 418 1768 Unde
450 1728 529 1767 hoc
560 1732 709 1768 tantum
740 1727 899 1777 delibo,
940 1728 1046 1779 quod
1098 1728 1251 1767 Coraes
1295 1728 1513 1780 observat,
1557 1728 1684 1768 muria

148 1798 332 1838 conditas
364 1803 404 1837 et
437 1798 612 1841 feniculo
642 1801 771 1841 olivas
793 1801 973 1841 Graecos
1002 1802 1215 1841 etiamnum
1246 1813 1370 1842 nosse
1402 1807 1442 1842 et
1469 1803 1686 1854 κολυμβη-

145 1868 221 1917 τὰς
253 1870 398 1918 ἐλαίας
433 1872 648 1924 appellare.
707 1873 863 1913 Deinde
907 1884 1005 1925 quas
1045 1877 1206 1925 praeter
1235 1885 1346 1924 eam,
1379 1887 1495 1927 quam
1534 1874 1685 1914 diserte

147 1941 378 1995 distinguit,
417 1945 694 1996 κολυμβάδα,
743 1945 871 1985 olivas
919 1946 1017 1985 alias
1070 1951 1358 1987 commemorat
1403 1945 1684 1996 Callimachus,

144 2013 394 2064 γεργέριμον
423 2016 594 2068 πίτυρίν
625 2030 688 2067 τε,
722 2016 829 2068 quod
863 2017 1081 2069 apparandi
1110 2017 1268 2057 modum
1304 2018 1466 2068 attinet,
1495 2015 1684 2066 θλαστάς

147 2082 286 2136 fuisse,
317 2085 382 2125 vel
414 2087 660 2141 στέμφυλα,
691 2088 885 2128 credibile
924 2093 997 2128 cst.
1058 2088 1275 2142 Coniungit
1305 2088 1433 2137 ἐλάας
1475 2094 1513 2129 et
1552 2091 1685 2140 στέμ-

146 2159 263 2209 φυλα
295 2157 608 2199 Anaxandrides
636 2159 781 2199 Athen.
815 2160 878 2199 lV.
911 2172 947 2212 p.
976 2161 1069 2199 1:51.
1092 2160 1136 2200 E.
1198 2161 1307 2200 Iuvat
1336 2162 1533 2201 interdum
1562 2162 1682 2201 etiam

145 2239 268 2279 parva
299 2230 338 2268 in
373 2242 418 2270 re
448 2230 690 2280 ostendere,
721 2243 838 2283 quam
871 2231 947 2271 sibi
979 2232 1119 2271 similis
1163 2236 1281 2284 atque
1325 2237 1515 2272 constans
1548 2244 1683 2272 sermo

145 2301 197 2340 sit
225 2301 469 2342 Callimachi.
530 2302 751 2344 Verb'orum
804 2316 910 2343 nexu
956 2304 1085 2344 simile
1125 2306 1365 2359 Fragmento
1407 2305 1449 2345 L.
1497 2304 1574 2344 hoc
1621 2307 1684 2343 est

145 2372 294 2425 hymno
326 2374 364 2413 in
394 2375 481 2415 Del.
508 2375 574 2414 21.
608 2373 763 2428 Σαρδώ
792 2376 833 2415 θ’
864 2373 1108 2427 ἱμερόεσσα,
1140 2378 1213 2417 καί
1240 2375 1293 2430 ἢν
1324 2374 1547 2428 ἐπενὴξατο
1582 2374 1682 2415 Kv'-

144 2458 242 2495 πρις
315 2445 357 2493 ἐξ
400 2441 553 2492 ὕδατος
594 2448 809 2499 ταπριότα.
857 2451 896 2487 et
928 2446 1020 2487 267.
1055 2449 1192 2494 πίονες
1236 2442 1408 2501 ἤπειροί
1436 2461 1501 2499 τε,
1537 2448 1609 2487 καί
1638 2444 1688 2486 αἲ

144 2517 375 2568 περιιαϊετε
401 2518 535 2568 νῆσοι.

252 2587 407 2627 Aderat

469 2659 702 2709 ἕρπυλλον,
739 2658 802 2698 vel
833 2660 962 2711 potius
990 2661 1220 2712 ἕρπυλλος,

145 2728 439 2782 F1·agni.LX‘²‘·.
480 2741 531 2768 ex
570 2727 701 2769 Schol.
737 2729 905 2769 Nicand.
945 2731 1061 2769 Ther.
1096 2730 1189 2769 009.
1245 2730 1329 2769 Τοῦ
1375 2730 1421 2769 de}
1465 2726 1678 2784 ἑρπύλλου

141 2804 351 2856 μέμνηται
375 2804 447 2842 καί
479 2803 759 2854 Καλλίμαχος
791 2803 835 2841 ἐν
867 2801 915 2857 τῇ
938 2798 1087 2857 Ἑκάβῃ
1123 2797 1147 2855 ἢ
1174 2800 1335 2858 Ἑκάλῃ.
1392 2801 1442 2842 El
