1856 3126
739 100 1014 137 -67-

111 220 319 271 egregium
351 218 594 257 constituunt
626 214 800 257 Ai'raov:
848 229 922 255 cur
962 218 1005 256 in
1043 216 1152 257 Paro
1189 217 1324 257 insula
1359 215 1513 256 Gratiis
1555 215 1644 255 sine

111 290 217 329 tibiis
248 294 285 328 et
311 288 473 328 coronis
503 287 746 338 sacrificent,
789 287 868 327 lam
901 288 992 329 huic
1024 291 1259 341 narrationi,
1289 301 1391 342 quae
1422 289 1643 329 subiectam

110 363 232 402 Minoi
263 361 431 401 insulam
461 361 607 411 Paron,
636 360 731 400 inde
753 359 927 399 Minoam
959 360 1118 411 dietam,
1150 361 1369 413 spectabat,
1400 365 1513 413 aptus
1543 371 1643 399 ver-

110 445 202 474 sus:
249 431 319 472 καί
358 432 497 485 νήσων
541 430 725 472 ἐπέτεινε
766 428 904 483 βαρῦν
951 429 1079 483 ζυγὸν
1121 434 1270 484 αὐχένι
1301 433 1477 481 Μίνως,
1511 444 1643 485 neque

109 505 283 557 ineptum
314 504 364 544 ad
395 504 565 543 eandem
595 508 656 543 est
688 503 838 543 Callim.
861 503 1017 556 Fragm.
1041 503 1307 543 CCCLXVIII.
1353 505 1508 544 Deinde
1537 504 1644 547 aliud

109 573 261 616 Αἴτιον
295 575 413 616 fuerit
452 575 580 614 maris
612 575 831 627 appellatio
870 574 1022 615 Icarii:
1070 575 1221 615 Callim.
1255 576 1411 628 Fragm.
1443 578 1487 617 V.
1545 578 1643 618 Nam

111 647 347 699 coynomina
371 646 518 699 prisca
547 648 752 696 locorum,
789 651 831 686 ut
875 646 1010 686 verbis
1040 646 1209 685 Romani
1248 645 1477 687 Callimachi
1508 647 1570 687 lV.
1608 651 1643 697 t,

111 718 178 759 69.
209 724 319 770 utar,
361 719 561 759 cecinisse
600 718 667 758 hic
711 718 791 758 illie
821 719 861 758 in
899 718 1028 758 Aetiis
1069 717 1380 768 Callimachum,
1421 723 1460 758 et
1501 725 1644 771 sponte

109 791 276 844 quisque
307 791 509 841 coniiciat,
538 795 577 830 et
606 793 697 830 sunt
724 789 948 843 fragmenta
983 800 1085 841 quae
1118 789 1399 841 persuadeant.
1457 794 1499 830 ut
1527 803 1645 843 quum

109 873 256 901 nomen
287 862 514 914 explicabat
542 861 709 902 Zancle.-
750 861 907 914 Fragm.
937 860 1059 901 XXII.
1089 865 1130 901 et
1161 860 1345 902 CLXXII.
1388 861 1479 902 coll.
1509 863 1645 915 Steph.

110 934 203 987 ssyz.
235 947 271 974 v.
305 934 493 988 Ζάγκλη.
562 933 735 987 Scyllam
766 934 850 975 Nisi
882 945 971 974 cum
1002 933 1190 973 versibus
1221 930 1389 974 Σκύλλα
1428 932 1530 987 γυνή
1563 949 1644 975 κα-

108 1009 272 1048 τακᾶσα
303 1012 381 1048 ete.
423 1011 462 1047 et
498 1008 746 1062 πορφυρέην
789 1003 925 1059 ἤμησε
968 1008 1096 1058 κρέκα
1146 1010 1187 1046 et
1227 1005 1403 1046 fortasse
1449 1017 1537 1046 cum
1577 1006 1646 1047 illo

109 1091 292 1132 quoque,
334 1079 408 1119 καί
447 1075 587 1132 νήσων
620 1080 651 1118 ε’.
681 1081 719 1129 β.
753 1079 787 1128 ζ.
826 1079 893 1117 αὐ.
938 1075 1115 1128 Μίνως,
1152 1078 1221 1119 ubi
1266 1078 1449 1118 inserere
1494 1084 1646 1130 posset,

109 1152 243 1202 plures
275 1152 353 1192 loci
383 1151 704 1203 occasionesque
733 1154 860 1199 erant,
890 1160 989 1201 quas
1025 1148 1228 1199 indicab0‚
1255 1159 1338 1188 non
1364 1153 1405 1189 ut
1434 1150 1484 1189 de
1514 1150 1645 1204 pluri-

112 1224 186 1263 bus
219 1236 337 1263 unam
367 1222 497 1262 lector
525 1222 661 1273 eligat,
692 1220 796 1260 nulla
827 1222 933 1260 enim
958 1233 1010 1260 ex
1041 1221 1224 1261 omnibus
1243 1231 1315 1260 sua
1346 1221 1514 1272 quadam
1545 1232 1646 1273 pro-

108 1291 312 1334 habilitate
344 1293 667 1334 commendatur:
703 1293 775 1332 sed
804 1296 845 1331 ut
874 1291 1068 1343 exemplis
1090 1293 1272 1342 doceam,
1304 1292 1432 1343 qualia
1463 1295 1644 1345 cogitare

108 1364 272 1407 Αἰτίων
302 1369 538 1419 argumenta
570 1364 699 1404 liceat.
768 1363 893 1417 Igitur
922 1364 1018 1403 licet
1050 1360 1204 1404 Αἴτιον
1233 1365 1434 1417 cogitare,
1477 1369 1643 1405 auctore

108 1438 210 1477 Ciris
241 1442 281 1477 et
311 1438 456 1478 Ovidio
491 1438 650 1477 Metam.
684 1436 780 1480 Vlll,
816 1437 908 1477 151.
935 1435 1243 1488 praeeuntibus,
1271 1434 1350 1475 hoc
1382 1442 1642 1489 argumento:

3 1497 49 1527 3
110 1509 215 1549 unde
245 1515 401 1562 κεΐρις
432 1509 561 1549 dicta.-
598 1509 663 1548 vel
692 1509 795 1548 hoc:
826 1519 900 1548 cur
937 1507 1160 1547 haliaeetus
1196 1505 1382 1547 inimicus
1424 1507 1511 1546 ciri.
1572 1508 1643 1548 Vel

108 1583 329 1621 occasione
371 1582 420 1621 ab
466 1582 630 1621 nomine
673 1580 751 1620 loci
794 1580 1028 1632 desumpta:
1077 1579 1182 1618 unde
1222 1577 1447 1631 Scyllaeam
1483 1579 1642 1620 dictum.

106 1653 233 1701 Quod
267 1655 301 1693 si
344 1655 433 1706 quis
475 1653 663 1704 obiiciat,
709 1651 884 1704 Scyllaei
921 1652 1230 1704 appellationem
1277 1652 1543 1704 promontorii
1588 1653 1641 1692 ita

107 1727 231 1766 tuisse
261 1728 391 1766 tritam
425 1726 630 1776 omnibus,
661 1730 703 1765 ut
734 1737 823 1764 eam
851 1726 919 1764 vix
950 1724 1112 1777 dignam
1145 1723 1412 1775 explicatione
1450 1723 1640 1763 habuisse

106 1799 250 1838 doctus
282 1803 400 1850 poeta
433 1798 698 1838 Callimachus
731 1797 939 1848 videatur,
970 1795 1236 1849 reputandum
1276 1799 1358 1845 est,
1387 1796 1421 1835 si
1460 1795 1641 1847 cupidis-

104 1871 203 1911 sime
235 1869 500 1911 Callimachus
532 1870 730 1909 obscuras
774 1869 951 1920 fabulas,
978 1867 1238 1919 reconditas,
1271 1880 1321 1908 ex
1351 1869 1432 1908 situ
1463 1867 1641 1919 antiqui-

104 1945 196 1984 tatis
223 1943 398 1992 eruerit,
427 1953 510 1981 non
544 1944 657 1994 sequi
690 1941 957 1992 necessario,
997 1945 1039 1981 ut
1084 1944 1202 1980 notas
1239 1938 1547 1991 celebratasque
1588 1939 1639 1979 ab

104 2016 191 2057 aliis
221 2016 377 2056 fabulas
408 2014 590 2055 studiose
619 2014 844 2055 evitaverit.
900 2014 990 2055 Duo
1024 2025 1141 2066 quum
1174 2013 1381 2065 proposita
1401 2012 1478 2052 sibi
1509 2010 1641 2051 habe-

102 2093 186 2138 ret,
219 2088 430 2128 doctrinae
462 2088 772 2128 ostentationem
813 2090 852 2126 et
883 2084 1076 2125 narrandi
1107 2084 1348 2136 dicendique
1380 2084 1638 2137 elegantiam,

103 2161 206 2201 aliae
240 2161 400 2201 fabulae
432 2161 518 2212 ipsa
550 2159 796 2200 obscuritate
825 2170 897 2199 sua
927 2157 1158 2198 alliciebant
1193 2160 1379 2209 poetam,
1412 2160 1530 2209 atque
1560 2155 1639 2196 ha-

101 2245 187 2272 rum
221 2244 408 2285 magnum
447 2231 572 2272 fuisse
610 2233 648 2271 in
679 2232 807 2271 Aetiis
839 2241 1046 2271 numerum
1079 2233 1197 2282 put03
1241 2229 1369 2278 aliae,
1398 2233 1544 2279 notae,
1571 2227 1636 2268 vel

103 2310 297 2344 tractatae
326 2304 440 2355 aliis,
480 2304 773 2357 pulchritudine
813 2315 884 2343 sua
928 2302 979 2343 ad
1021 2301 1278 2342 scribendum
1310 2300 1560 2350 invitabant,
1595 2303 1636 2338 et

103 2375 209 2426 quod
241 2375 388 2428 aliquid
421 2376 470 2415 ab
503 2376 670 2416 aliorum
700 2376 932 2416 narratione
967 2374 1167 2414 diversum
1196 2373 1378 2412 inserere
1407 2371 1540 2420 vellet,
1571 2369 1635 2410 vel

101 2459 204 2487 nova
243 2449 481 2488 tractatione
519 2460 673 2500 suoque
714 2447 875 2488 dicendi
919 2458 1073 2500 genere
1118 2445 1405 2485 delectaturam
1451 2455 1495 2482 se
1543 2455 1634 2482 esse

102 2520 339 2560 confideret,
399 2521 485 2568 Qua
513 2520 553 2559 in
584 2533 628 2560 re
658 2520 827 2572 perinde
850 2523 949 2567 erat,
977 2523 1105 2558 utrum
1135 2517 1229 2556 huic
1250 2527 1300 2555 an
1329 2515 1382 2554 illi
1409 2516 1634 2566 quaestioni

101 2593 372 2632 narrationem
406 2605 518 2633 suam
552 2596 799 2633 annecteret.
867 2591 1078 2630 lminutare
1112 2587 1325 2641 paullulum
1358 2588 1634 2638 quaestionem

102 2665 333 2704 Callimachi
364 2665 523 2711 licebit,
553 2665 584 2704 si
618 2664 708 2715 quid
744 2664 828 2703 veri
861 2664 952 2702 insit
982 2664 1020 2702 in
1052 2663 1221 2702 Tzetzae
1253 2658 1303 2698 ad
1329 2658 1504 2711 Lycoph.
1538 2658 1632 2699 650.

102 2736 412 2786 observatione,
444 2748 562 2787 quam
592 2748 672 2775 non
706 2735 839 2774 statim
882 2733 1078 2785 expedio,
1119 2745 1139 2771 a
1171 2736 1296 2771 tracta
1325 2730 1455 2783 Scylla
1485 2742 1634 2771 nomen

101 2808 265 2848 inditum
295 2810 396 2860 parti
424 2807 605 2858 cludam,
638 2805 777 2863 τόπῳ,
813 2806 935 2846 maris
966 2816 1071 2845 esse.
1142 2804 1251 2844 Haec
1286 2815 1365 2856 quo
1407 2803 1577 2843 consilio
1610 2813 1632 2842 a
