1856 3126
776 121 1081 162 *lm-

161 243 405 283 ἐσπίππτων
435 239 712 295 ἀφανίζεται,
749 241 892 281 nescio
924 244 1052 281 utrum
1083 242 1211 295 magis
1242 241 1448 296 rapidum,
1479 243 1699 284 torrentem

160 315 378 366 significet,
409 325 458 352 an
503 311 617 352 tarde
658 312 920 364 profluentem
953 317 992 352 et
1027 318 1277 366 stagnantem
1320 316 1510 365 fluvium,
1542 315 1697 367 qualem

158 390 281 427 luisse
314 386 571 426 Asterionem
593 398 645 425 ex
671 386 808 426 verbis
831 385 1062 426 Callimachi
1095 383 1239 427 δόνακι
1270 385 1482 439 πλήθοντα
1514 387 1698 441 colligas.

158 459 276 499 Aliud
309 463 371 498 cst
401 457 506 510 quod
537 457 587 497 de
616 455 698 514 πόᾳ
728 458 768 497 ἰη
802 459 899 511 ripis
929 458 1015 498 eius
1046 458 1220 498 fluminis
1259 459 1523 511 proveniente
1562 461 1699 500 narrat

158 531 390 571 Pausanias.
449 529 574 571 Statio
608 531 647 569 in
679 530 906 570 Thebaidos
938 535 1078 582 quarto
1110 530 1300 571 Asterion
1328 530 1494 584 primum
1526 531 1632 571 celer
1659 545 1696 572 v.

163 604 252 642 1⁴21.
286 601 379 642 alibi
413 614 449 641 V.
480 600 575 641 713.
609 612 762 652 aequus
788 601 975 653 fluctibus
1004 602 1126 641 audit.
1187 601 1366 642 Eundem
1399 612 1586 654 magnum
1618 615 1699 642 no·-

156 674 355 726 bilemque
377 673 483 724 secit,
512 674 654 714 nescio
679 686 756 726 quo
786 675 888 722 iure,
917 674 1083 713 Nonnus
1100 673 1250 713 XLVll.
1274 673 1369 713 493.
1398 673 1626 726 Ἀστερίων
1645 675 1698 724 δ’,

155 744 224 785 ὅθι
257 743 390 785 πολλοὶ
428 742 613 784 θαλύσια
640 744 830 795 μείζονος
863 739 966 797 ἥβης
1048 743 1207 795 ἠϊθέων
1236 745 1420 795 κείροντο
1455 741 1696 796 λιπότριχος

155 813 290 857 ἄνθεα
322 816 504 870 κόρσης,
594 813 752 862 αύτούς
779 817 936 862 παῖδας
966 812 1133 865 ἔδεκτο,
1180 814 1253 854 καί
1297 814 1436 855 ου’κέτι
1475 814 1697 868 βόστρυχα

156 892 320 943 χαίτης.
382 890 467 937 Qua
505 890 544 929 in
588 900 633 928 re
678 888 852 928 fortasse
893 887 1034 927 melius
1073 891 1113 926 et
1153 887 1334 926 usitatius
1375 886 1515 926 suisset
1555 886 1698 926 Inachi

154 963 400 1000 mentionem
431 961 584 1011 facere,
612 960 677 1000 vel
705 964 869 1013 propter
898 959 1174 1010 Aeschylum:
1205 959 1279 998 sed
1299 958 1488 998 Inachum
1511 959 1696 998 versibus

155 1034 494 1087 praecedentibus
526 1032 806 1072 nominaverat
845 1032 922 1071 alia
963 1032 1002 1070 in
1044 1043 1116 1082 re,
1160 1035 1200 1070 et
1241 1031 1389 1082 placuit
1430 1030 1535 1070 haud
1577 1031 1696 1070 dubie

158 1106 280 1145 docto
311 1109 457 1156 poetae
502 1107 580 1142 tam
623 1102 784 1142 doctum
822 1099 1052 1141 Asterionis
1096 1112 1257 1142 nomen.
1331 1101 1487 1143 Deinde
1516 1102 1696 1143 Theseus

156 1176 354 1228 Lyrceum
388 1187 431 1215 se
460 1179 634 1214 mentem
666 1174 929 1226 conspexisse
960 1173 1162 1214 narrabat.
1222 1175 1378 1227 Fragm.
1409 1173 1516 1214 LV&

356 1244 586 1299 Λύρκειον,
615 1238 711 1298 ὅρος
729 1239 940 1297 ”Αργους·
979 1246 1259 1297 Καλλίμαχος
1282 1242 1443 1301 Ἑκάλῃ,

157 1318 354 1373 Aryieum
372 1324 548 1359 montem
579 1330 668 1357 cum
687 1317 890 1370 Stephano
908 1313 1001 1369 Byz,
1029 1316 1190 1358 Scholia
1222 1317 1259 1356 in
1276 1316 1532 1370 Apollonium
1551 1315 1580 1359 Ι.
1602 1318 1693 1360 125.

158 1392 355 1444 Lyrceum
385 1390 536 1440 dicunt,
567 1391 755 1442 itemque,
789 1394 830 1429 ut
858 1389 1032 1440 videtur,
1065 1389 1287 1441 Sophocles
1321 1402 1385 1442 ap.
1416 1390 1604 1432 Strabon.
1631 1391 1694 1431 Vl.

155 1476 191 1515 p.
225 1464 317 1503 271.
349 1461 622 1515 Frag1n.‘265.
643 1461 762 1502 Dind.
821 1461 1045 1513 Hesychius
1075 1473 1234 1513 quoque
1264 1466 1340 1501 tam
1370 1462 1409 1501 in
1428 1475 1465 1502 v.
1488 1459 1695 1514 Λάρκιον,

161 1548 278 1588 quam
311 1536 351 1574 in
382 1535 518 1587 glossa
549 1533 598 1573 ad
628 1533 865 1586 Sophoclem
909 1534 1124 1572 reserenda
1165 1535 1360 1586 Λυρκιόυ
1403 1534 1548 1587 δῆμον.
1611 1533 1695 1572 Ar-

159 1608 342 1647 cadicum
385 1607 479 1646 facit
521 1605 663 1647 Strabo
695 1604 987 1657 V111.p.370.
1031 1604 1148 1654 (569.
1183 1607 1254 1654 Α.)
1326 1605 1436 1644 Mitto
1487 1603 1588 1645 alios
1630 1605 1698 1658 qui

159 1678 371 1717 laudantur
402 1677 450 1716 ad
483 1676 722 1728 Stephanum
757 1676 986 1729 Byzantium
1018 1681 1057 1716 et
1088 1688 1109 1716 a
1141 1676 1390 1718 Tzsehuckio
1421 1678 1460 1717 in
1490 1677 1619 1719 Strab.
1653 1677 1696 1718 Τ.

159 1751 222 1790 Ill.
255 1762 292 1801 p.
326 1750 420 1789 219.
478 1749 616 1800 Neque
657 1748 818 1788 multum
850 1749 1030 1788 interest.
1090 1749 1138 1788 Ut
1167 1750 1272 1788 enim
1312 1747 1583 1789 concedamus
1615 1749 1698 1788 Ar—

159 1822 342 1862 cadicum
379 1821 526 1871 fuisse,
562 1825 672 1860 certe
702 1819 808 1860 haud
851 1820 971 1873 longe
1006 1820 1131 1860 abfuit
1173 1821 1221 1860 ab
1265 1821 1411 1873 oppido
1454 1821 1698 1874 cognomine

157 1894 311 1946 Lyrcea
331 1924 342 1944 ,
383 1893 489 1944 quod
532 1893 694 1945 Argivis
739 1893 945 1932 vindicant
977 1893 1192 1932 Pausanias
1229 1892 1274 1932 ΙΙ.
1309 1895 1373 1942 95,
1401 1892 1440 1933 4.
1472 1893 1510 1932 5.
1541 1898 1581 1933 et
1611 1894 1697 1945 ipse

159 1967 303 2007 Strabo
336 1965 434 2006 Vlll.
466 1977 504 2017 p.
541 1964 636 2004 376.
665 1965 781 2014 (578.
811 1965 884 2014 A.)
925 1976 976 2004 ex
1016 1965 1172 2004 emend.
1208 1965 1451 2005 Casauboni.
1568 1965 1696 2013 Quum

155 2040 195 2078 in
230 2050 328 2091 agro
361 2048 571 2077 versemur
600 2037 779 2089 Argivo,
820 2041 860 2076 et
897 2036 937 2075 in
974 2037 1174 2076 montibus
1205 2037 1475 2088 Argivorum,
1505 2049 1693 2088 quaeram

156 2122 207 2149 an
241 2109 292 2149 ad
321 2108 501 2149 eiusdem
532 2109 688 2148 itineris
722 2108 866 2148 Thesei
896 2108 1207 2159 descriptionem
1238 2110 1437 2161 pertineat
1468 2109 1693 2161 Fragmen-

157 2187 252 2233 tum,
281 2182 507 2234 neglectum
540 2193 561 2219 a
594 2181 788 2231 Bentleio‚
820 2181 922 2232 apud
954 2180 1119 2232 Interpr.
1153 2186 1232 2220 vet.
1263 2181 1374 2221 Statii
1401 2179 1523 2220 Theb.
1538 2179 1603 2220 lv.
1623 2178 1691 2221 46.

318 2251 449 2292 Neris.
508 2251 652 2290 montis
681 2263 824 2290 nomen
853 2250 1020 2302 Argivi,
1051 2256 1096 2290 ut
1124 2252 1182 2291 ait
1212 2252 1494 2292 Callimachus.

149 2324 208 2365 Ea
237 2335 334 2364 vero
367 2336 532 2376 prorsus
575 2325 729 2364 incerta
769 2335 835 2364 res
866 2327 953 2374 est,
993 2335 1110 2376 quum
1152 2324 1202 2364 de
1233 2325 1380 2378 Argis,
1409 2324 1690 2376 montibusque

153 2398 239 2437 eius
271 2397 465 2449 regionis,
497 2396 657 2436 dicendi
689 2396 808 2436 multa
842 2396 1022 2446 occasio,
1053 2408 1134 2436 non
1166 2408 1246 2436 uno
1276 2397 1315 2436 in
1344 2397 1521 2436 carmine
1543 2400 1690 2448 poetae

156 2468 301 2508 suerit:
341 2473 383 2508 ut
413 2468 642 2508 Arachnaci
671 2469 816 2507 montis
846 2469 1088 2508 mentionem
1121 2469 1157 2507 in
1189 2467 1397 2508 Aetiorum
1429 2468 1531 2508 libro
1561 2468 1689 2519 primo

155 2541 280 2580 fuisse
322 2541 491 2591 scimus,
533 2540 687 2592 Fragm.
718 2539 818 2579 XIV.
909 2540 1065 2579 Deinde
1105 2538 1226 2579 Neris
1257 2552 1371 2580 mons
1402 2552 1480 2592 qua
1508 2541 1549 2580 in
1577 2544 1691 2592 parte

158 2614 245 2664 agri
275 2613 415 2665 Argivi
448 2613 702 2664 quaerendus
731 2615 806 2665 sit,
838 2623 1004 2663 eamque
1036 2615 1187 2664 partem
1217 2621 1267 2650 an
1305 2609 1479 2662 attigerit
1517 2620 1591 2649 suo
1623 2609 1692 2647 iti-

156 2695 255 2722 nere
298 2685 502 2735 Theseus,
545 2697 624 2723 non
664 2688 832 2723 constat.
908 2684 1008 2731 Quin
1047 2685 1173 2735 ipsum
1215 2682 1321 2732 hoc,
1354 2685 1523 2720 montem
1552 2678 1689 2729 fuisse,

156 2755 265 2794 solus
297 2756 415 2794 tradit
448 2770 469 2795 e
503 2755 744 2795 Callimacho
780 2755 976 2806 interpres
997 2754 1076 2794 ille.
1137 2754 1233 2794 Nam
1260 2753 1406 2793 Statius
1436 2762 1551 2802 quum
1581 2739 1702 2789 scri->

160 2829 245 2867 bit:
307 2825 497 2878 Quaeqoe
523 2833 649 2879 pavet
678 2828 798 2879 lonqa
837 2831 1086 2878 spcuucmtem
1123 2826 1228 2865 valle
1270 2822 1510 2864 Charadron
1549 2821 1684 2872 Neris,
