1856 3126
759 119 1033 157 *Μή

132 228 328 281 ulamau»
369 232 438 271 διὰ
470 231 513 272 τὸ
545 233 710 284 μέτρον.
772 240 844 276 καί
874 236 986 288 παρὰ
1032 238 1087 294 τῷ
1128 237 1274 291 ποιητῇ
1316 238 1358 277 ἐν
1398 239 1429 277 θ
1474 234 1658 289 ι’λιοὲδος,

135 302 408 354 Παυρότεροι
433 304 631 354 μέμασαν
662 306 708 345 δὲ
737 306 811 346 καί
839 305 894 354 ὥς
926 307 1070 359 ὑσμῖνι
1099 306 1331 361 μάχεσθαι,
1361 307 1459 348 α’ντί
1486 307 1659 364 ὑσμίνῃ.

131 374 203 412 καί
234 371 333 412 α’λκί
359 372 596 427 πεποιθώς,
628 378 720 418 awti
751 376 874 432 ἀλκῇ.
935 380 1007 418 καί
1040 377 1154 429 παρὰ
1192 379 1482 436 Καλλιμάχῳ,
1504 378 1584 432 Ζηή
1604 394 1659 431 με

129 440 200 483 τὸν
232 445 276 483 έν
307 445 483 485 Δωδαῖνι
508 447 618 498 λέγοι
646 447 774 499 μόνον
803 449 939 489 εἵνεκα
967 451 1145 500 χαλκοῦ.
1189 449 1284 489 cirri
1313 447 1498 506 ὸωδώνῃ.
1543 449 1659 502 Apud

130 513 458 556 Choeroboscum
491 517 664 557 Bekkeri
695 514 849 559 οὕνεκα
885 519 1045 570 χαλκόν
1078 519 1234 572 legitur.
1297 520 1448 567 Quibus
1483 522 1658 561 coniun-

130 585 204 625 ctis
235 598 322 626 cum
351 587 561 640 Stephani,
603 590 669 641 qui
697 584 863 644 ἤγειρον
894 590 1058 630 verbum
1091 593 1368 642 conservavit,
1409 593 1656 642 testimonio,

127 659 363 699 sententiam
394 660 638 711 Callimachi,
668 661 747 702 hoc
779 667 854 711 est,
886 663 1009 715 ipsius
1039 662 1089 702 de
1117 675 1163 702 sc
1193 663 1391 716 loquentis
1422 663 1654 704 Callimachi

127 733 365 770 sententiam
397 731 591 771 efficimus
619 733 749 772 hanc:

289 799 349 853 μή
381 817 432 852 με
452 834 463 850 ,
494 802 566 843 τὸν
594 804 638 843 ἐν
667 804 843 845 Δωδῶνι
875 803 1117 855 λελεγμένον
1148 800 1299 844 οὕνεκα
1330 802 1489 856 χαλκὸν

293 866 460 925 ἤγειρον
516 906 527 917 .
586 904 595 913 .
656 903 668 914 .
727 903 736 913 .

125 955 176 981 ue
203 955 276 993 me,
305 944 412 994 quod
435 956 507 983 aes
539 944 637 984 illud
659 945 922 985 Dodonaeum
949 945 1226 995 excitaverim,
1259 947 1420 997 culpent
1441 945 1567 997 periti
1587 957 1658 985 re-

125 1027 216 1053 rum
245 1014 410 1055 iudices.
455 1015 533 1065 vel,
566 1028 653 1056 cum
686 1017 828 1056 maiori
861 1017 1101 1056 acerbitate:
1134 1030 1183 1055 nc
1209 1030 1292 1066 me,
1322 1017 1429 1068 qaod
1460 1028 1531 1055 aes
1560 1014 1660 1055 illud

124 1085 388 1125 Dodonaeum
415 1084 703 1138 excitaverim,
735 1099 876 1127 seuere
903 1091 1077 1138 puniant
1108 1088 1175 1127 dii.
1244 1088 1501 1128 Excitaverat
1531 1086 1655 1127 Calli-

125 1157 288 1198 machus
320 1158 488 1210 aliquem
520 1158 568 1198 ad
599 1158 834 1198 dicendum:
865 1158 929 1210 qui
960 1170 1077 1209 quum
1109 1159 1227 1197 multa
1258 1159 1492 1211 garrulitate
1523 1159 1656 1198 inole-

124 1233 226 1268 stum
258 1241 302 1268 se
335 1230 511 1279 fecisset,
541 1229 807 1268 Callimachus
836 1230 1035 1268 excitatae
1068 1229 1117 1268 ab
1149 1241 1193 1269 se
1223 1229 1469 1282 garrulitatis
1501 1230 1655 1281 culpam

124 1300 267 1339 avertit
299 1311 347 1338 ac
378 1299 628 1351 deprecatur.
689 1299 814 1338 Unum
849 1300 887 1338 in
926 1299 985 1338 his
1018 1300 1245 1351 ambiguum
1265 1331 1276 1349 ,
1309 1300 1402 1351 quid
1432 1303 1656 1341 restitutum

122 1383 144 1410 a
179 1370 357 1410 Bentleio
389 1371 631 1422 λελεγμένον
664 1370 876 1422 significet.
946 1371 1009 1409 An
1041 1375 1082 1409 ut
1122 1371 1199 1419 sit,
1244 1371 1351 1421 quod
1382 1371 1528 1410 dicitur
1569 1384 1659 1412 esse

123 1440 352 1481 Dodonae?
409 1441 563 1480 Vereor
591 1444 632 1479 ut
661 1445 785 1480 recte.
847 1442 976 1492 Atque
995 1442 1155 1480 unicum
1176 1440 1255 1480 hoc
1285 1442 1388 1481 bene
1410 1443 1656 1482 observasse

124 1514 202 1553 lac.
233 1513 482 1560 Gronovius,
514 1512 580 1551 ubi
610 1511 831 1563 λεγόμενον
862 1512 994 1563 inepte
1035 1511 1213 1551 defendit
1247 1517 1388 1552 contra
1422 1513 1657 1564 Bentleium,

123 1585 301 1634 videtur,
329 1586 572 1635 λελεγμένον
613 1594 696 1622 nou
736 1595 829 1622 esse
861 1583 968 1634 quod
1005 1583 1163 1623 dicitur.
1240 1584 1373 1630 Quare
1415 1586 1658 1636 λελεγμένον

123 1658 309 1696 inusitate
340 1655 484 1694 dictum
519 1655 567 1693 ab
605 1653 875 1704 Callimacho,
914 1654 987 1694 sed
1032 1666 1083 1693 ex
1121 1654 1307 1706 analogia
1349 1655 1654 1695 llomcricorum

123 1730 308 1778 λέξομαι,
331 1726 509 1775 ἐλέξατο,
528 1722 676 1777 ἔλεκτο,
698 1726 996 1776 καταλέγμενος
1014 1724 1261 1777 (0(1γ58.Χ1.
1280 1726 1347 1765 62.
1380 1727 1505 1767 XXlI.
1529 1727 1658 1780 wa),

122 1800 381 1850 καταλέχθαι
412 1797 580 1849 (Odyss.
608 1794 691 1834 XV.
724 1794 868 1845 394),
900 1796 1106 1835 existimo:
1148 1796 1253 1847 quod
1294 1796 1421 1846 iacet,
1452 1798 1656 1849 κείμενοι,

122 1870 209 1920 vol,
239 1874 279 1908 ut
307 1869 469 1921 propius
500 1867 550 1906 ad
582 1866 766 1905 usitatam
799 1866 974 1905 Homero
1019 1867 1353 1918 significationem
1387 1867 1500 1906 verbi
1530 1879 1657 1907 acce-

123 1942 262 1992 datur,
292 1939 398 1993 quod
433 1938 553 1978 cubat
581 1937 798 1986 Dodonae,
831 1937 905 1976 clas
933 1938 1158 1988 yclaqerte,
1191 1938 1265 1977 clas
1293 1937 1483 1977 rulzende.
1545 1938 1657 1984 Qua-

122 2015 211 2054 drat
240 2014 290 2053 ad
324 2025 407 2052 rem
444 2011 658 2051 illustratus
692 2022 713 2048 a
747 2009 872 2049 Tollio
904 2009 953 2048 ad
983 2009 1152 2061 Longin.
1187 2022 1222 2061 Ι).
1250 2010 1316 2049 37.
1349 2011 1461 2050 verbi
1481 2008 1657 2062 ἐγείρειν

123 2098 244 2136 usus,
275 2084 381 2137 quod
413 2083 463 2123 de
491 2083 540 2123 iis
569 2082 688 2121 rebus
726 2081 893 2130 dicitur,
927 2093 1028 2132 quac
1065 2086 1156 2120 ante
1188 2080 1403 2120 tacuerant
1433 2082 1654 2130 oblivione,

122 2159 222 2207 situ,
253 2157 422 2196 obrutae
455 2155 726 2207 sepultaeque.
799 2153 1001 2192 Bentlcius
1049 2152 1252 2205 quomodo
1298 2153 1501 2204 acceperit
1541 2161 1653 2192 suum

123 2231 374 2280 λελεγμένον,
406 2227 586 2265 dubitare
615 2224 720 2263 licet.
780 2225 885 2264 Sane
919 2229 1051 2263 exstat
1083 2216 1184 2276 apud
1203 2224 1420 2263 Bentlcium
1452 2223 1654 2274 interpre-

123 2299 218 2343 tatio
247 2297 388 2336 latina:
419 2322 471 2327 —
514 2295 611 2347 quia
652 2306 723 2334 aes
761 2295 868 2345 qaod
911 2295 1057 2334 dicitur
1093 2296 1356 2335 Dodonaeam
1393 2293 1654 2333 Eme-itavisse

123 2369 206 2418 (sic
235 2371 274 2408 in
303 2367 396 2407 edit.
430 2367 613 2415 Graevii]
645 2381 720 2405 —-:
763 2376 900 2404 verum
942 2364 1154 2405 admodum
1192 2365 1410 2416 probabilis
1456 2364 1650 2403 dubitatio

123 2445 183 2480 est
217 2439 530 2489 Henisterhusii,
577 2438 626 2478 de
668 2450 743 2490 qua
776 2437 1036 2477 Ruhnkenius
1084 2437 1134 2475 ad
1163 2436 1322 2475 Ernest.
1353 2435 1492 2486 Epistt.
1525 2435 1652 2474 Tium.

122 2526 157 2565 p.
191 2512 255 2551 27.
287 2511 348 2550 De
376 2511 717 2562 Epiyrammatmn
748 2514 785 2548 et
813 2508 1141 2560 Fraymenlorum
1167 2507 1356 2545 versione
1387 2506 1534 2545 Latina
1560 2507 1657 2557 qaid

127 2584 212 2624 Tibi
241 2581 428 2622 videtur?
488 2580 616 2631 Negat
645 2580 969 2619 Hemsterlmsius
1003 2579 1112 2618 illam
1143 2577 1322 2616 Bentleio
1356 2577 1504 2616 deberi.
1545 2583 1584 2617 et
1615 2591 1651 2632 p.

123 2656 188 2695 28.
219 2654 397 2707 Epistola
428 2664 529 2705 quae
560 2653 763 2703 sequitur:
798 2652 859 2690 De
890 2651 1030 2701 Epiyr.
1075 2655 1112 2688 et
1156 2649 1311 2700 Fraym.
1352 2649 1539 2688 versione
1571 2662 1656 2688 non

122 2727 243 2767 aliam
267 2725 387 2765 habet
417 2722 637 2762 Hemsterh.
674 2721 881 2761 dubitandi
909 2732 1110 2769 caussam,
1139 2732 1260 2770 quam
1293 2720 1400 2771 quod
1427 2720 1558 2759 mattas
1590 2720 1653 2759 lo..

122 2799 179 2838 cc's
205 2797 368 2849 incta'yna
399 2800 461 2834 est
491 2793 691 2841 Βεηίίεέο,
720 2805 793 2831 nec
824 2791 1124 2831 accommodata
1153 2791 1208 2830 ad
1246 2790 1518 2838 certissimas,
1552 2801 1654 2842 quas
