1856 3126
762 143 1067 183 -272-

437 260 556 312 χαῖρ’
585 257 793 312 Εὕκολιίἠ

161 330 212 372 ad
245 330 401 370 lambos
442 329 697 370 referendum
727 330 956 370 Callimachi
997 340 1176 380 censeo,
1205 333 1246 370 ut
1287 330 1337 370 sit
1374 328 1546 371 Hecates
1574 327 1676 370 deae

162 404 373 456 appellatio
415 404 508 443 κατ’
542 398 818 455 ‹lanima-,oen
854 404 939 442 sive
970 402 1018 442 ab
1050 414 1128 453 eo,
1161 402 1266 455 quod
1306 403 1455 442 Hecate
1497 413 1541 441 re
1581 413 1676 442 vera

157 475 372 523 δύσκολος,
403 470 439 513 h.
471 485 506 512 0.
540 471 661 512 tristis
694 477 810 524 atque
842 471 1117 523 intractabilis,
1148 485 1248 525 quae
1271 472 1558 512 Hemsterhusii
1579 482 1678 511 sen-

156 545 294 594 tentia,
327 538 564 593 Ειῖμεηῦας
596 545 863 587 coni'erentis;
892 545 977 583 sive
1005 543 1053 583 ab
1082 555 1148 594 eo,
1180 544 1284 595 quod
1316 543 1515 589 δύσκολος
1545 543 1678 590 πόδας

157 617 239 657 suit.
327 615 591 655 Posteriorem
624 614 927 665 explic-adonem
957 613 1101 654 Suidas
1122 613 1374 653 commendat
1395 627 1431 653 v.
1458 613 1676 664 Εὐκολιί-η,

155 689 189 728 si
220 688 273 728 ibi
303 692 379 726 tam
410 698 504 726 vera
537 691 610 736 est,
642 699 756 738 quam
779 691 839 725 est
858 686 1035 738 elegans,
1066 685 1294 725 emendatio
1316 684 1537 724 Ruhnkenii
1559 695 1674 735 quain

155 761 219 801 ille
254 759 420 812 quidem
442 759 490 798 de
518 759 665 798 Hecale
697 760 880 812 cogitans
913 759 1037 797 fecit:
1082 752 1312 810 Ειῗκολιίἠ·
1348 756 1370 809 ἡ
1398 751 1567 803 εὔκολος
1599 756 1678 795 nri.-

153 832 243 878 δας.
303 831 421 883 vulgo
458 828 480 882 ἦ
516 823 685 876 εἰῖκολος
717 827 846 876 πόλις,
908 830 1005 869 Cod.
1037 829 1182 870 Suidae
1214 829 1438 879 Leidensis,
1475 829 1580 881 quod
1614 829 1678 868 di-

154 901 233 941 dici
263 914 283 941 a
320 902 458 942 Geelio
489 914 593 951 meo,
624 902 718 941 nihil
754 902 883 941 diss'ert
914 915 934 941 a
969 902 1154 954 vulgata3
1184 914 1312 953 neque
1344 901 1561 941 Gaisfordii
1586 900 1677 940 libri

156 974 379 1024 quiequam.
472 974 583 1020 Quae
608 974 837 1025 plerumque
874 973 922 1011 ab
955 973 1125 1024 Ernpusa
1159 972 1432 1024 distinguitur,
1466 973 1626 1021 lleeate,
1655 985 1676 1012 a

153 1043 378 1094 nonnullis,
410 1050 448 1084 01
481 1045 651 1083 sortasse
685 1044 734 1082 ab
767 1044 853 1094 ipso
884 1042 1181 1094 Aristophane,
1224 1042 1542 1081 confundebatur
1565 1046 1674 1081 'cum

152 1115 349 1166 Empusa:
378 1114 511 1154 Sebol.
541 1112 744 1164 Aristoph.
774 1114 871 1152 Ran.
905 1114 995 1152 295.
1027 1112 1158 1152 Sehol.
1184 1111 1313 1164 Apoll.
1344 1112 1472 1152 Rhod.
1498 1112 1559 1152 111.
1579 1112 1674 1153 861.

153 1186 267 1227 Unde
299 1186 491 1225 credibile
523 1190 598 1235 est,
632 1197 733 1237 quae
764 1186 882 1237 vulgo
913 1185 961 1224 de
989 1185 1160 1236 Empusa
1184 1184 1534 1237 praedicabantur,
1569 1184 1675 1237 quod

152 1257 383 1310 μονὸπους,
416 1258 479 1296 vel
526 1255 754 1308 ὀνόκωλος,
787 1257 849 1296 vel
885 1258 1002 1297 etiam
1033 1256 1274 1308 χαλκόπους
1306 1260 1442 1307 03501,
1487 1257 1677 1297 translata

155 1330 272 1368 etiam
303 1329 341 1368 in
372 1329 551 1368 Hecaten
581 1328 728 1368 fuisse:
768 1327 1008 1380 χαλκόπους
1052 1328 1203 1367 Hecate
1232 1328 1401 1367 Tzetzae
1445 1327 1580 1379 audit,
1627 1329 1678 1369 ad

152 1400 347 1455 Lycoplir.
384 1401 500 1441 1030.
562 1400 673 1448 Quae
704 1404 833 1439 autem
863 1397 1123 1451 χαλκόπους,
1157 1400 1220 1440 vel
1254 1397 1476 1451 ὄνόκωλος,
1507 1399 1570 1439 νο1
1596 1412 1679 1450 μο-

156 1470 319 1523 νόπους,
352 1485 399 1513 ea
432 1472 614 1526 profecto
645 1471 847 1519 δύσκολος
879 1472 974 1522 fuit,
1001 1476 1041 1511 et
1069 1476 1154 1511 κατ’
1184 1471 1463 1526 α’ντίφρασιν,
1490 1472 1554 1511 νο1
1585 1476 1675 1513 κατ’

150 1541 435 1597 εὖφημισμόν,
519 1538 712 1595 εὔκολος,
746 1544 974 1595 Ειῖκολίνη,
1006 1542 1084 1582 dici
1116 1544 1254 1595 potuit.
1314 1543 1469 1594 Potuit,
1502 1545 1675 1596 inquam.

150 1615 263 1666 Nam,
283 1620 324 1655 ut
355 1628 489 1655 verum
521 1616 659 1665 fatear,
688 1616 862 1655 nondum
889 1617 1069 1668 persuasi
1102 1615 1197 1656 mihi
1226 1627 1357 1668 neque
1380 1615 1429 1655 de
1451 1615 1676 1657 Ruhnkenii

150 1686 191 1726 in
218 1685 339 1726 Suida
377 1686 660 1725 emendatione
693 1681 861 1733 εὔκολος
902 1683 1064 1734 πόδας,
1100 1698 1230 1738 neque
1264 1685 1315 1726 de
1348 1687 1428 1727 hoc
1470 1692 1552 1728 toto
1584 1690 1673 1728 κατ’

147 1755 413 1810 α’ντίφρασιν.
471 1757 531 1796 Αο
560 1759 699 1796 nescio
731 1769 780 1796 an
811 1756 1014 1809 Εϋκολίνη
1045 1758 1193 1797 1100310
1225 1758 1331 1798 (11013
1365 1761 1416 1799 511
1446 1761 1534 1799 sine
1566 1760 1672 1800 anti..

147 1827 305 1878 phrasi,
340 1831 502 1879 propter
531 1827 752 1876 εὔκολίαν,
786 1839 902 1879 quam
932 1839 1215 1880 nonnunquam
1246 1829 1377 1870 habet.
1436 1830 1484 1870 Ut
1526 1829 1670 1880 Εὐμε-

150 1899 278 1939 νίδων
319 1910 492 1947 nomen,
524 1899 557 1938 si
589 1903 700 1938 recte
732 1898 1000 1950 perpendatur
1021 1931 1030 1949 ‚
1064 1911 1144 1939 non
1176 1902 1264 1940 κατ’
1296 1898 1578 1954 α’ντίφρασιν,
1623 1913 1673 1942 οο

153 1980 274 2009 sensu
306 1981 383 2022 quo
416 1970 552 2009 volunt
579 1971 842 2023 grammatici,
878 1971 1022 2010 dictum
1054 1982 1160 2021 0330,
1193 1972 1264 2011 sed
1295 1972 1444 2021 semel,
1473 1972 1535 2012 vel
1566 1983 1677 2013 non-

155 2042 285 2092 nullis,
318 2041 381 2081 vel
413 2046 522 2081 certa
552 2043 784 2082 conditione
815 2042 1102 2081 benevolentes
1131 2043 1358 2095 significare
1392 2043 1561 2083 videtur.
1631 2043 1675 2083 In

155 2112 299 2153 Suidae
328 2112 420 2151 loco
454 2112 658 2165 Ειῖκολιίυ]
690 2112 861 2152 fortasse
890 2113 1000 2152 urbis
1045 2125 1189 2153 nomen
1221 2119 1291 2153 est.
1353 2115 1478 2162 Quam
1510 2115 1551 2154 in
1591 2126 1674 2154 rem

157 2185 298 2235 aliquis
329 2184 625 2236 Theognostum
669 2184 917 2235 adhibuerit,
950 2186 1014 2236 qui
1047 2183 1276 2236 Εὐκολίνην
1307 2185 1426 2224 habet
1467 2197 1554 2225 cum
1588 2185 1675 2226 aliis

157 2257 309 2296 urbium
343 2256 569 2295 nominibus
601 2267 724 2307 prope
749 2258 1027 2296 coniunctam:
1061 2256 1235 2295 Cramer.
1258 2256 1412 2296 Anecd.
1435 2257 1500 2296 Gr.
1531 2257 1676 2297 Vol.Il.

155 2341 192 2380 p.
230 2329 318 2367 113.
351 2339 409 2379 sq.
444 2325 505 2367 Τά
540 2326 607 2367 διὰ
638 2328 714 2366 τοῦ
738 2343 803 2379 ινη
832 2328 1034 2379 μονογενῆ
1063 2326 1169 2378 ὑπὲρ
1195 2325 1271 2367 δύο
1293 2329 1510 2379 συλλαβὰς
1535 2324 1678 2380 βαρῦ-

159 2414 260 2440 ruva
292 2395 335 2437 τὸ
367 2413 379 2435 ι
413 2397 720 2449 παραλὴγεται·
751 2392 861 2448 οἷον,
888 2392 1032 2450 Ἀσίνη
1064 2394 1087 2449 ἦ
1112 2395 1327 2450 Ἑρμιόνη·
1358 2398 1529 2453 σατιίἠ·
1560 2401 1678 2440 εἰλα-

158 2473 268 2523 πίνη·
303 2469 499 2520 μυρσίνη·
535 2468 795 2520 ΖΗαλυβὸἰίἠ
831 2464 853 2519 ἦ
881 2464 1020 2513 πόλις·
1053 2468 1243 2519 Marim-
1276 2470 1491 2522 κηρυκίνη·
1522 2470 1679 2522 θριδα-

159 2544 272 2594 κίνη·
308 2541 419 2593 φιίἠ·
451 2537 638 2589 ἆριγιίἠ·
671 2539 851 2589 ἐριγιίἠ·
883 2535 1060 2590 ἦρωΐιή·
1091 2539 1260 2590 δωτιίἠ·
1291 2540 1490 2592 Αἰητίνη·
1518 2538 1678 2595 Ἀδρη-

159 2613 296 2663 στίνη·
334 2610 538 2662 Εεῖηνιίἠ·
571 2610 783 2660 Mea-exim]
822 2607 843 2661 ἦ
874 2608 1015 2654 πόλις·
1048 2611 1193 2661 μελίνη
1223 2610 1424 2660 κέγχρος·
1453 2609 1618 2664 χοιρίνη
1650 2610 1675 2664 ἦ

160 2678 374 2731 dinanum}
406 2681 573 2733 ψῆφος·
609 2677 776 2731 Καρίνη
807 2679 828 2731 ἡ
865 2679 1008 2726 πόλις’
1031 2678 1223 2732 (Υρμίνψ
1255 2678 1424 2734 ὑσμίνη·
1457 2682 1674 2735 Εὕκολίνη·

161 2751 333 2802 Λογιίη·
366 2750 407 2789 τὸ
439 2751 556 2802 sylv&
586 2748 666 2788 α’πὸ
701 2750 777 2788 τοῦ
804 2747 944 2801 ἑχινέα
974 2751 1226 2802 συναιρεθὲν
1259 2752 1526 2802 περισπᾶται.
1585 2752 1676 2792 Ad-

159 2821 300 2871 seripsi
348 2820 504 2869 locum,
549 2825 589 2859 ut
637 2825 845 2872 appareret
894 2821 1085 2861 incertum
1137 2832 1256 2872 esse,
1303 2826 1429 2860 utrum
1475 2821 1678 2877 Εόκολίνη
