1856 3126
772 114 966 154 *234
1028 136 1081 143 —-

161 227 198 268 δ’
243 225 478 280 ἀνίσχουσα
533 229 621 282 (ed.
665 231 811 272 Graev.
857 228 1116 286 ἀνισχούση)
1155 231 1321 275 Βοσσὸν
1359 231 1514 288 λόφον,
1554 231 1698 288 ἔγρετο

171 299 295 340 Τιτιό.
355 299 428 339 sed
459 299 524 340 ille
566 300 696 342 fatens
739 300 908 344 Βοσσόν
939 302 1085 343 collem
1117 315 1162 344 se
1201 305 1385 356 nescire,
1427 310 1467 346 et
1498 316 1699 358 quaerens

167 384 217 412 an
247 375 406 424 μέσσον
443 373 658 427 legendum
689 375 738 414 sit
750 388 761 424 3
794 379 834 414 et
861 385 1025 426 rursus,
1057 386 1107 414 an
1139 373 1303 425 Βοσσὸς
1333 374 1461 432 λόφος
1503 377 1610 418 idem
1648 378 1702 418 sit

163 444 229 496 qui
265 444 428 498 Φηγίου
468 443 600 498 πάγος
640 446 743 499 apud
776 446 1084 499 Lycophronem
1123 459 1161 486 v.
1199 446 1261 487 16.
1319 447 1369 488 Et
1412 449 1493 489 hoc
1539 448 1700 501 quidem

165 517 232 568 qui
265 519 533 569 concesserit,
563 518 671 571 quod
704 519 892 571 accipere
915 519 1073 559 videtur
1092 519 1307 574 Bentleius‚
1339 525 1380 560 ut
1404 525 1465 561 est
1492 521 1548 561 ibi
1576 521 1699 562 latine

162 600 347 629 versum:
379 589 544 630 Interea
574 596 707 631 autem
735 593 958 632 ascendens
988 591 1162 632 Bossum
1188 593 1334 633 clivum
1366 598 1610 645 emperrecta
1639 597 1701 634 est

162 661 271 702 dies.-
306 663 445 702 collem
474 676 567 704 esse
599 661 755 719 λόφον,
788 670 828 705 et
858 666 1050 719 α’νίσχειν
1081 666 1325 717 ascendere,
1354 677 1435 706 non
1465 677 1545 706 uno
1579 666 1700 707 modo

162 738 321 774 tentare
354 736 511 786 βοσσόν
538 737 697 789 poterit.
755 737 854 777 Nam
888 737 938 776 de
971 741 1060 777 ortu
1089 738 1272 778 Aurorae
1306 739 1372 791 qui
1402 738 1607 788 scribunt,
1637 738 1700 778 di-

161 818 304 846 versas
339 808 519 848 rationes
556 813 802 861 sequuntur,
842 821 961 849 unam
1003 809 1247 862 mythicam,
1279 810 1444 851 alteram
1484 813 1698 864 poeticam.

159 879 330 931 Mythiea
362 884 445 929 est,
478 892 595 932 quam
635 880 822 932 proponit
864 879 1099 932 Lycophro:
1146 881 1303 921 Cernen
1348 882 1546 934 quandam
1590 894 1697 931 esse,

159 951 385 991 cubiculum
417 951 600 1002 Tithoni⁷
631 952 737 992 unde
772 962 991 1003 assurgens
1024 951 1106 999 Eos
1138 954 1305 1004 primum
1339 954 1378 992 in
1413 950 1575 1006 Φήγιον
1607 954 1697 994 οοΙ-
1725 1002 1728 1006 .

160 1022 237 1062 lem
271 1024 535 1063 conscendat.
595 1023 697 1062 Hinc
728 1023 912 1074 Cernen,
945 1027 987 1063 ut
1027 1023 1129 1063 alios
1174 1027 1355 1073 taceam,
1382 1024 1548 1066 Nonnus
1578 1026 1699 1066 habet

161 1094 264 1135 locis
294 1108 314 1135 a
346 1096 505 1136 Gracfio
535 1096 664 1136 Prael'.
694 1095 782 1135 Vol.
811 1096 857 1135 Il.
889 1108 926 1148 p.
948 1096 1032 1136 XII.
1072 1096 1270 1136 indicatis.
1341 1096 1491 1144 Quibus
1525 1097 1699 1137 addide-

158 1168 232 1208 rim
264 1167 387 1208 XXIl.
417 1167 509 1208 136.
533 1169 573 1208 7.
606 1167 718 1208 Ἀλλ’
748 1162 819 1207 ὅτε
847 1168 1092 1221 χιονόπεζα,
1119 1170 1394 1223 χαραξαμὲνη
1415 1164 1560 1223 ζόφον,
1584 1168 1699 1216 Ἠώς

155 1266 209 1272 ——
239 1241 422 1295 δροσερῇ
450 1238 693 1294 πορφύρετο
728 1242 875 1295 πέτρῃ.
935 1240 1020 1281 Etsi
1053 1242 1158 1280 enim
1195 1241 1261 1281 alii
1293 1242 1332 1280 in
1373 1252 1422 1281 eo
1458 1243 1698 1292 consistunt,

157 1318 201 1353 ut
228 1320 388 1355 montes
414 1313 643 1353 collustrari
673 1313 722 1353 ab
758 1313 915 1353 oriente
943 1313 1119 1365 Aurora,
1151 1314 1238 1352 sive
1256 1313 1463 1366 Lucifero,
1493 1314 1580 1354 sive
1609 1314 1697 1354 sole

157 1385 309 1436 dicant,
341 1385 448 1425 nullo
482 1385 618 1425 addito
649 1387 842 1426 montium
874 1387 1051 1436 nomine,
1083 1385 1418 1437 quemadmodum
1450 1386 1619 1434 Quintus
1649 1385 1695 1426 ΙΙ.

161 1462 196 1499 1.
225 1458 316 1498 183.
348 1458 526 1500 1Χ.529.
560 1458 758 1511 loquitur:
791 1463 923 1498 tamen
954 1459 1084 1499 Nonni
1119 1459 1213 1499 illud
1243 1460 1297 1499 ita
1326 1459 1515 1511 scriptum
1547 1463 1624 1510 est,
1654 1462 1697 1498 ut

159 1534 310 1570 certam
344 1531 543 1583 quandam
584 1531 738 1585 πέτρην
769 1532 988 1584 significari
1026 1537 1160 1584 putes:
1204 1530 1378 1571 fortasse
1421 1530 1526 1569 illum
1567 1530 1695 1582 ipsum

158 1603 315 1655 Φήγιον
346 1602 488 1654 πάγον,
549 1603 697 1643 Contra
729 1616 846 1656 quum
886 1605 934 1644 de
965 1603 1041 1643 Ida
1071 1603 1189 1643 nasci
1229 1603 1364 1652 (Serv.
1397 1603 1436 1641 in
1468 1601 1577 1655 Virg.
1607 1601 1692 1643 Ecl.

155 1673 254 1714 VIII.
279 1674 347 1715 30.
380 1676 482 1716 Aen.
502 1675 546 1714 11.
569 1676 688 1722 801.)
718 1677 945 1717 Luciferum
978 1677 1134 1726 dicunt,
1161 1675 1225 1714 vel
1257 1675 1480 1727 Auroram,
1509 1678 1552 1714 ut
1579 1675 1694 1714 Non-

157 1757 231 1785 nus
264 1746 326 1786 lIl.
360 1748 424 1787 55.
457 1761 518 1801 sq.
561 1750 681 1801 facit,
720 1750 761 1790 id
802 1749 905 1789 haud
953 1749 1070 1788 dubie
1112 1748 1162 1787 ad
1205 1759 1455 1787 communem
1496 1747 1691 1786 rationem

155 1819 354 1870 poeticam
385 1822 659 1862 revocandum
691 1827 764 1862 est.
824 1823 954 1873 Saepe
995 1825 1140 1873 poetae
1172 1831 1245 1860 suo
1285 1820 1371 1859 iure
1418 1831 1491 1860 eos
1523 1819 1692 1871 primum

158 1890 196 1930 in
231 1897 386 1931 montes
421 1895 645 1934 ascendere
676 1895 890 1944 Auroram,
921 1898 1039 1945 atque
1072 1892 1145 1932 hos
1178 1892 1415 1933 collustrare
1444 1892 1599 1932 recenti
1629 1891 1693 1931 lu-

152 1965 258 2003 mine
291 1966 485 2016 scribunt,
516 1968 580 2018 qui
612 1972 703 2006 sunt
731 1968 770 2006 in
800 1966 950 2005 vicinia
979 1965 1160 2018 regionis
1193 1966 1291 2014 eius,
1325 1967 1364 2004 in
1396 1976 1473 2016 qua
1501 1976 1568 2003 res
1599 1963 1691 2016 agi-

157 2042 220 2078 tur
247 2042 405 2089 poetae.
466 2039 537 2089 Ut,
568 2040 601 2079 si
634 2040 720 2090 quis
759 2038 938 2090 exempla
979 2037 1184 2077 desideret
1222 2038 1263 2076 in
1308 2049 1353 2076 re
1394 2038 1491 2076 satis
1527 2048 1599 2088 per
1646 2047 1692 2075 se

159 2110 294 2160 clara,
325 2109 459 2149 Pelion
500 2111 683 2150 nominat
712 2110 949 2163 Apollonius
992 2109 1019 2150 Ι.
1057 2110 1152 2150 520.
1228 2110 1449 2149 Caucasum
1488 2108 1593 2148 idem
1625 2107 1689 2147 111.

158 2182 277 2221 1224.
310 2182 359 2220 cf.
393 2182 438 2221 II.
475 2181 564 2222 164.
624 2183 790 2223 Nonnus
818 2183 973 2236 Evang.
1002 2183 1059 2222 Io.
1089 2182 1149 2222 Vl.
1175 2184 1240 2222 2⁸2.
1265 2180 1377 2222 Ἀλλ’
1410 2176 1479 2220 ὅτε
1514 2177 1690 2234 πορφύ-

154 2270 240 2304 ρων
274 2251 529 2307 Τιβερήτιὸἀ
560 2259 722 2307 γείτονα
754 2258 906 2308 πέτρην
985 2252 1231 2307 ἀκροφανὴς
1259 2250 1442 2305 ἐχάραξε
1472 2250 1690 2292 λιπόσκιον

156 2319 313 2377 ὄρθρος
343 2325 533 2378 ὀμίχλην.
566 2327 619 2366 cf.
650 2327 743 2366 ibid.
776 2327 824 2366 11.
858 2328 893 2366 1.
961 2327 1098 2378 Itaque
1128 2325 1178 2378 agl
1209 2337 1299 2364 eum
1338 2323 1500 2363 modum
1540 2323 1689 2362 licebat

157 2397 399 2437 Callimacho
431 2410 582 2450 ponere
615 2411 762 2438 nomen
792 2400 953 2449 montis,
987 2410 1102 2450 quem
1132 2396 1384 2436 ascendisset
1418 2392 1541 2445 Τιτώ,
1565 2395 1689 2435 Attici

159 2469 377 2509 cuiusdam.
435 2471 488 2510 At
521 2482 652 2522 neque
684 2472 830 2510 montis
871 2483 1017 2510 nomen
1047 2471 1168 2510 Attici
1209 2473 1274 2509 aut
1313 2468 1435 2507 vicini
1478 2468 1687 2519 quisquam

156 2542 420 2594 exsculpserit
451 2555 502 2582 ex
542 2548 728 2595 corrupto
761 2541 941 2594 βοσσόν,·
980 2554 1110 2594 neque
1149 2539 1340 2592 α’νίσχειν
1371 2539 1591 2579 ascendere
1628 2540 1688 2579 si-

157 2614 331 2664 gnificat.
391 2615 509 2655 Aliud
541 2621 602 2655 est
632 2617 759 2665 enim,
794 2628 911 2667 quum
950 2613 1239 2654 intransitivum
1284 2615 1372 2662 est,
1411 2611 1518 2662 quod
1563 2621 1686 2662 saepe

158 2687 211 2737 sn,
243 2688 444 2739 ἀνίσχειν,
477 2686 639 2739 ἀνέσχε.
700 2688 832 2735 Quare
861 2692 972 2727 reete
1001 2685 1260 2727 Ruhnkenius
1280 2683 1320 2722 in
1342 2683 1466 2722 verbo
1497 2682 1686 2733 α’νίσχειν

158 2770 237 2797 non
269 2759 535 2810 ascendendi,
570 2760 641 2800 sed
675 2760 717 2799 in
756 2760 878 2799 calliam
907 2758 1087 2808 tollendi,
1128 2754 1317 2808 efferendi
1349 2752 1683 2807 significaIIOnem

157 2834 249 2870 esse
279 2831 416 2880 sensit,
445 2836 485 2871 et
513 2833 552 2871 in
574 2837 761 2885 corrupta
784 2843 888 2872 voce
913 2827 1064 2882 βυσσόν
1084 2829 1291 2881 epitheton
1325 2826 1450 2865 latere
1474 2822 1524 2863 ad
1556 2819 1684 2877 λόφον
