1856 3126
755 95 1061 135 —184—

142 211 330 266 aequales
364 211 607 251 Callimacho
641 214 809 262 poetae,
849 214 888 249 et
926 210 1197 262 posteriores,
1243 211 1297 251 ita
1342 211 1671 250 utunturverbo

142 284 352 335 νάσσατο,
385 288 424 322 et
453 285 539 335 ipso
569 283 649 322 boc
680 282 997 335 παρενάσσατο,
1027 287 1070 321 ut
1098 285 1169 332 sit,
1211 283 1316 336 quod
1344 282 1465 335 vulgo
1502 283 1669 333 dicitur,

141 355 414 395 transitivum:
448 355 496 394 de
529 366 606 407 quo
628 354 852 394 Brunckius
881 354 931 393 ad
958 354 1096 406 Epigr.
1128 355 1276 395 α’δεσπ.
1305 354 1435 394 XVlll.
1459 354 1497 394 6.
1517 366 1553 405 p.
1572 354 1668 394 960.

144 427 194 466 ad
221 426 408 479 Apollon.
438 426 566 466 Rhod.
595 426 624 466 I.
659 425 777 466 1356.
836 426 949 467 Scire
983 438 1047 465 me
1079 426 1225 476 velim,
1265 438 1316 465 an
1358 425 1450 478 quid
1481 424 1674 465 Ruhnke-

143 499 256 550 nius,
298 511 415 550 quum
447 498 541 538 illud
581 498 711 550 paullo
742 503 834 538 ante
866 503 1216 538 commemoratum
1247 499 1466 548 scriberet,
1504 498 1676 536 coniun-

144 575 248 611 ctum
281 582 368 610 cum
403 583 450 610 ea
483 570 752 622 disputatione
782 569 887 610 aliud
920 571 959 609 in
990 575 1122 610 mente
1153 571 1347 610 habuerit.
1406 570 1592 609 Fortasse
1623 568 1678 607 illi

145 644 274 694 haee,
310 655 411 694 quae
442 655 601 695 expono
636 643 686 682 de
722 643 959 695 Cercyone,
991 643 1125 682 onmia
1167 642 1499 698 obversabantur.
1561 641 1678 679 Certe

146 716 251 756 idem
283 715 475 768 inEpistt.
501 716 626 755 Tittm.
645 727 681 767 p.
717 717 781 755 21.
809 727 870 767 sq.
901 719 939 754 et
971 726 1110 755 rursus
1143 714 1194 754 ad
1220 713 1367 757 Callim.
1383 714 1444 753 Fr.
1463 712 1677 752 CCXLVll.

149 789 213 828 ed.
233 788 326 828 Em.
359 788 589 828 coniectura
609 788 821 828 admodum
853 787 961 827 felici
993 786 1042 826 ad
1069 786 1349 826 Callimachum
1377 785 1507 826 retulit
1536 789 1680 837 poetae

149 872 230 900 non
263 861 455 901 nominati
487 860 751 914 fragmentum
784 859 887 912 apud
917 860 1077 901 Suidam
1109 872 1145 899 v.
1166 853 1277 911 ’Έαρ
1319 862 1357 898 ct
1401 871 1438 899 ν.
1472 853 1682 905 ’Ἄξεινοςι

1032 924 1104 985 ᾗχι
1137 931 1351 982 κονίστραι

434 999 587 1054 ὅξειιόι
622 1006 767 1058 λύθρῳ
799 1019 840 1043 τε
870 1000 942 1042 καί
970 999 1082 1054 εἴαρι
1113 998 1392 1053 πεπλήθασιν.

154 1076 587 1130 F1·agm.Call‚Blomf.
615 1074 860 1115 CCCCXCII.
921 1073 1037 1121 Quod
1064 1073 1143 1113 hoc
1175 1073 1214 1112 in
1248 1085 1353 1112 nexu
1384 1071 1688 1116 sententiarum,

157 1162 236 1201 quo
268 1154 328 1188 est
346 1162 366 1188 a
384 1160 447 1187 me
479 1149 672 1200 positum,
703 1158 820 1186 nemo
849 1158 930 1185 non
966 1158 1017 1186 ex
1045 1146 1192 1185 Hecale
1219 1156 1326 1194 esse,
1357 1149 1395 1183 et
1419 1143 1468 1183 de
1489 1143 1689 1195 palaestra

156 1219 456 1272 intelligendum
489 1218 709 1270 Cercyonis
741 1218 943 1257 coniiciet.
1028 1216 1297 1256 Blomlieldius
1326 1228 1376 1255 ne
1421 1216 1499 1255 hoe
1531 1213 1691 1266 quidem

159 1305 307 1345 operae
336 1292 548 1344 impendit,
576 1295 617 1330 ut
648 1290 808 1331 Suidani
850 1290 1068 1342 inspiceret
1112 1290 1491 1340 annotationemque
1519 1287 1690 1334 Kusteri‚

159 1366 225 1418 qui
252 1365 522 1404 testimonium
553 1363 662 1404 addit
692 1363 853 1403 minime
883 1362 1221 1402 contemnendum
1251 1361 1446 1401 Eustathii
1475 1361 1517 1400 in
1546 1359 1694 1412 Odyss.

157 1438 293 1478 XVIII.
326 1437 421 1478 367.
450 1450 486 1490 p.
520 1437 652 1487 1851,
681 1436 747 1476 43.
779 1435 936 1476 Ἰστέον
965 1435 1011 1475 δὲ
1040 1431 1112 1474 καί
1139 1431 1205 1474 ὅτι
1232 1434 1464 1480 Ὀππιανὸς
1491 1434 1570 1484 μὲν
1613 1432 1698 1490 καί,

159 1509 206 1551 τὸ
242 1505 347 1561 αἷμα
376 1507 452 1562 ἒαρ
483 1506 565 1564 ἔφη
589 1507 659 1549 διὰ
681 1507 814 1560 μόνου
845 1509 924 1548 τοῦ
953 1511 974 1549 ἔ
1005 1510 1153 1559 ψιλοῦ,
1193 1511 1332 1560 ἕτερος
1360 1508 1406 1548 δὲ
1437 1522 1499 1554 τις
1530 1501 1600 1546 διὰ
1627 1505 1699 1556 τῆς

161 1587 199 1623 {Z
231 1583 463 1637 διφθόγγου
494 1581 650 1633 ὁμοίως
680 1581 737 1638 τῷ
767 1581 906 1638 αὐτῷ,
936 1578 1039 1622 ἔνθα
1070 1580 1167 1633 περί
1193 1580 1414 1636 λῃστηρίου
1445 1577 1602 1631 γράφει
1635 1574 1680 1616 τό

161 1651 236 1713 ᾗχι
264 1657 478 1707 κονίστραι
508 1650 664 1704 ὅξειιόι
693 1654 836 1710 λύθρῳ
869 1668 913 1694 τε
943 1654 1016 1693 καί
1044 1653 1155 1704 εἴαρι
1187 1649 1450 1704 πεπλὴθωσι.
1483 1650 1545 1689 Ex
1573 1648 1694 1690 Suida

164 1729 271 1769 baud
317 1728 457 1769 dubie:
505 1728 599 1768 illud
640 1732 798 1777 autern,
845 1727 894 1766 de
938 1737 1016 1778 quo
1055 1725 1154 1765 nihil
1203 1725 1307 1777 apud
1334 1725 1495 1765 Suidam
1536 1754 1548 1774 ,
1592 1719 1696 1762 ἔνθα

163 1803 263 1853 περί
292 1801 519 1857 λῃστηρίου
549 1795 731 1852 γράφει,
762 1809 843 1837 11011
874 1798 1009 1837 dubito
1041 1797 1133 1848 quin
1170 1796 1220 1835 de
1264 1807 1336 1836 suo
1381 1794 1581 1835 addiderit
1612 1794 1697 1833 Eu-

165 1873 332 1914 stathius
365 1873 597 1911 coniectura
627 1882 725 1910 sanc
756 1881 836 1909 non
871 1869 1033 1908 infelici.
1091 1868 1209 1920 Apud
1236 1868 1398 1909 Suidam
1424 1868 1465 1906 in
1484 1862 1695 1916 ”Α”ξεινος,

166 1958 283 1998 quem
314 1946 446 1985 locum
480 1955 587 1984 nunc
617 1944 731 1983 uncis
763 1942 919 1983 inclusit
948 1941 1220 1991 Gaisfordius,
1249 1939 1494 1993 πεπλήθωσι
1526 1940 1694 1991 legitur,

165 2024 207 2058 ut
236 2019 339 2071 apud
370 2017 638 2066 Eustathium3
667 2021 707 2056 et
734 2020 826 2055 ante
859 2014 1128 2055 Gaisfordium
1159 2009 1257 2064 ἄρεϊ
1286 2024 1357 2065 pro
1388 2011 1514 2064 εἴαρι.
1573 2011 1616 2051 111
1657 2024 1694 2050 ν.

154 2084 258 2143 ’Έαρ
308 2102 467 2141 semper
509 2093 619 2128 recte
668 2085 783 2143 εἴαρι
824 2087 1079 2139 πεπλήθασι.
1137 2087 1186 2126 Et
1227 2091 1317 2126 sunt
1358 2085 1504 2125 idonea
1543 2084 1696 2124 formae

165 2163 281 2202 huius
321 2163 517 2213 πέπληθα
556 2161 736 2212 exempla
780 2159 1058 2209 Pherecratis,
1099 2158 1354 2208 Antimachi,
1402 2157 1543 2206 Arati,
1592 2155 1697 2207 apud

165 2235 466 2282 Buttmannum,
511 2233 578 2272 ubi
612 2232 662 2272 de
705 2232 830 2272 verbo
860 2230 1071 2285 πίμπλημι
1101 2232 1202 2284 agit3
1233 2235 1313 2271 tum
1346 2229 1468 2278 haee,
1496 2227 1695 2267 Theocrit.

167 2306 286 2347 XXlI.
322 2306 387 2346 38.
421 2306 588 2358 Dionys.
614 2306 653 2345 P.
690 2306 807 2346 1100.
845 2305 1013 2357 Oppian.
1046 2304 1095 2344 H.
1125 2304 1184 2343 lV.
1217 2303 1311 2343 691.
1343 2302 1387 2341 V.
1421 2301 1507 2341 178.
1537 2300 1695 2340 Maxim.

169 2378 263 2421 318.
296 2377 468 2418 Maneth.
500 2378 561 2423 lv,
594 2378 661 2420 82.
696 2377 825 2424 Quint.
856 2377 936 2417 Sin.
956 2375 1022 2414 IX.
1045 2374 1139 2415 393.
1162 2375 1228 2414 Xl.
1252 2373 1342 2414 160.
1375 2373 1544 2413 Formae
1563 2371 1699 2412 Blom-

168 2450 404 2500 fieldianae,
436 2446 725 2500 πεπλήθουσι,
754 2461 835 2488 11011
867 2449 972 2501 item,
1006 2448 1084 2487 nisi
1117 2459 1166 2486 eo
1214 2446 1353 2498 aliquis
1396 2445 1498 2485 trahi
1541 2441 1698 2494 πεπλή-

166 2524 302 2562 θωσιν
355 2523 467 2562 Arati
510 2520 604 2563 841.
648 2522 788 2571 (109.)
837 2521 1009 2560 iusserit.
1070 2520 1157 2567 Quo
1206 2517 1488 2558 Callimachum
1534 2516 1699 2568 agnovit

170 2593 456 2646 Ruhnkenius,
490 2592 567 2647 ἔαρ
598 2594 769 2634 maxime
802 2597 879 2642 est,
911 2593 997 2632 sive
1029 2587 1147 2642 εἶαρ,
1180 2591 1365 2630 dilectum
1398 2589 1526 2629 doctis
1555 2588 1697 2640 poetiS,

172 2666 335 2717 quibus,
370 2671 411 2706 ut
455 2679 585 2706 meum
636 2666 781 2706 faciam
824 2666 989 2705 verbum
1021 2664 1223 2712 Salmasii,
1260 2660 1540 2714 γλωσσὴματα
1571 2658 1697 2708 cordi,

176 2743 284 2787 (τοῖς
315 2740 532 2791 νεωτέροις
564 2738 698 2780 Sebol.
730 2738 942 2785 Nicandri)
974 2736 1233 2776 vocabulum:
1266 2734 1508 2786 Callimacho
1539 2732 1696 2782 Fragm.

172 2810 387 2851 CCXLVll.
410 2810 516 2850 etde
536 2811 627 2851 oleo
660 2811 687 2851 F
691 2823 816 2864 ragm.
835 2810 926 2850 CCI.
943 2814 1022 2850 tum
1046 2807 1294 2860 Euphorioni
1310 2806 1464 2857 Fragm.
1484 2801 1695 2846 xxxviii.
