1856 3126
731 140 1032 180 —213—

117 258 174 314 τῷ
214 259 396 314 δευτέρῳ
439 259 680 310 Περσικῶν.
754 258 876 312 Igitur
920 258 1043 298 fuisse
1087 268 1228 296 vocem
1273 256 1376 295 illam
1417 256 1452 294 in
1499 259 1639 306 quarto

112 343 255 381 versu,
286 335 435 370 certum
466 329 648 379 videtur3
684 342 760 382 quo
794 331 831 370 in
866 331 956 370 loce
990 329 1104 368 suerit
1127 359 1137 376 ,
1170 328 1371 379 quomodo
1404 338 1639 366 accommo-

113 402 244 442 danda
275 403 324 442 sit
352 402 499 451 versui,
529 413 610 440 non
647 402 751 441 item.
809 402 906 441 Nam
939 401 1044 452 quod
1080 399 1382 438 llemsterbusio
1419 402 1636 449 praecunte

111 474 236 514 edidit
266 474 485 521 Ernestius,
514 479 833 525 acceperuntque
861 473 1117 513 Rulmkenius
1139 473 1186 510 ad
1207 472 1353 510 'l'imaei
1374 471 1465 509 Lex.
1488 484 1521 522 p.
1545 471 1633 508 1254.

111 545 396 585 Valckenarius
427 546 464 583 in
499 545 648 583 Callim.
685 545 795 597 Eleg.
831 546 984 596 Fragm.
1008 557 1039 595 p.
1066 544 1126 582 to.
1158 543 1340 594 ‹lardzqv
1373 547 1409 581 ut
1441 542 1487 580 sit
1513 543 1635 592 ipsum

111 629 252 656 versus
282 616 408 667 quarti
440 616 615 665 initium,
645 621 756 656 recte
789 615 1056 656 Blomfieldius
1089 619 1126 652 et
1170 613 1459 652 Boissonadius
1490 626 1636 651 sense-

109 691 199 727 runt
229 686 296 724 vix
324 697 443 737 posse
477 686 693 725 molossum
725 698 816 725 esse
849 683 1042 737 δαιιάκην.
1102 685 1163 723 Ab
1196 686 1270 724 bac
1302 690 1412 736 parte
1449 690 1552 723 tutus
1577 689 1634 722 est

107 757 290 798 Salmasii
321 757 370 796 de
402 757 542 796 UsurIs
574 769 606 795 c.
637 756 724 795 XV.
750 768 788 807 p.
819 753 912 794 497.
947 759 1126 803 conatus,
1158 755 1195 793 in
1221 757 1392 794 caeteris
1424 754 1559 792 infelix
1594 758 1632 791 et

106 829 227 868 multo
262 827 568 868 Casauboniana
591 827 871 866 emendatione
898 826 1092 864 deterior:
1125 850 1177 855 -
1199 824 1332 879 μούνῃ
1363 825 1429 864 ἐιιί
1448 825 1635 872 πτολίων,

105 897 169 940 ὅτε
199 902 370 951 τέθμιον
401 900 567 950 οἰσέμεν
590 894 729 944 ἄλλοις
791 894 996 950 ἀνδράσιν
1025 897 1066 936 ἐν
1096 896 1350 945 στομάτεσσι
1382 893 1480 941 νειὸς,
1510 894 1633 944 'Ale—

105 972 301 1023 ρουσίδος
329 971 440 1011 ἐστίν
514 968 731 1023 ἐζιιβαθροι»
763 968 958 1021 δ’ωιάκης.
1018 967 1286 1007 Blomtieldius
1333 966 1537 1006 articulum
1570 966 1633 1004 in-

105 1043 201 1082 ferri
235 1042 369 1089 iubet,
400 1039 473 1081 τὸν
501 1039 704 1092 etardum:
750 1041 884 1091 speeie
926 1043 1072 1078 tantum
1116 1039 1294 1087 facilem,
1335 1042 1373 1077 et
1421 1038 1508 1076 sine
1549 1040 1633 1074 arte

104 1115 247 1154 factam
281 1113 618 1153 emendationem.
679 1112 794 1160 Quod
835 1123 913 1165 ego
955 1111 1047 1151 dedi
1088 1123 1229 1162 supra,
1275 1109 1324 1148 ab
1370 1109 1476 1148 omni
1521 1111 1634 1159 parte

104 1187 201 1226 sat1s
232 1185 351 1235 facit,
380 1198 496 1238 quum
531 1186 591 1224 sic
624 1196 719 1234 sua,
752 1196 866 1235 quam
902 1188 1139 1235 exspectes,
1172 1181 1263 1220 roci
1299 1179 1482 1231 ὁάιιιὶκης
1516 1191 1634 1217 men-

103 1269 195 1298 sura
226 1257 439 1307 reddatur,
480 1260 519 1295 et
547 1268 667 1295 unum
700 1256 806 1307 quod
837 1266 917 1294 non
952 1255 1186 1306 explicatum
1231 1265 1251 1291 a
1285 1251 1526 1291 Casaubono
1561 1263 1629 1289 re-

102 1329 232 1369 stabat
265 1331 304 1368 in
333 1330 529 1380 scriptura
563 1327 804 1379 Etymologi,
840 1327 1071 1378 explicetur.
1130 1325 1215 1364 Non
1251 1324 1368 1362 l'acile
1400 1323 1502 1361 enim
1534 1334 1631 1373 per-

100 1400 263 1440 suaderi
302 1400 397 1439 mibi
434 1401 587 1449 sinain,
630 1399 679 1438 de
724 1398 847 1437 nihilo
889 1410 1008 1447 esse,
1056 1397 1161 1448 quod
1204 1396 1306 1447 apud
1349 1394 1627 1447 Etymologum

99 1472 272 1524 legitur,
305 1471 397 1511 ἀλλ’
436 1468 710 1519 οὔσάνοις,
756 1473 946 1520 recteque
986 1468 1263 1507 Casaubonum
1313 1468 1348 1505 in
1397 1478 1445 1504 eo
1495 1470 1630 1504 notum

100 1545 321 1596 scripturae
364 1543 665 1594 compendium,
698 1545 881 1589 a’mvg:
901 1539 1166 1592 αἰθρώῃους,
1198 1539 1414 1590 agnovisse
1442 1538 1629 1576 arbitror.

103 1616 247 1655 Verum
279 1615 540 1654 Casaubonus
571 1615 648 1653 hoc
685 1619 796 1654 recte
828 1614 1043 1653 observato
1073 1625 1154 1651 non
1186 1613 1395 1650 inuenerat
1427 1610 1629 1663 quomodo

99 1691 288 1736 uteretur,
320 1687 392 1726 sed
424 1686 599 1726 additum
631 1685 772 1736 αἰόυς,
807 1686 843 1726 b.
867 1697 901 1724 e.
934 1681 1201 1737 ἀιθραίπους,
1233 1696 1252 1721 a
1288 1683 1450 1721 librario
1477 1686 1628 1720 censet.

99 1760 187 1811 Ego
221 1758 313 1798 illud
347 1772 368 1798 a
399 1771 517 1798 manu
546 1759 772 1810 profectum
805 1755 1058 1805 Callimachi,
1090 1755 1161 1794 sed
1193 1755 1295 1793 male
1335 1756 1541 1793 traiectum
1576 1754 1624 1792 ab

100 1832 232 1882 aliquo
264 1831 427 1870 librario
460 1832 497 1870 in
526 1830 656 1870 locum
689 1842 768 1868 non
799 1842 910 1869 suum
943 1829 1127 1867 arbitror.
1189 1827 1320 1873 Quare
1353 1826 1546 1865 revocavi
1576 1825 1625 1864 ab

100 1904 211 1944 initio
246 1915 386 1942 versus
419 1902 523 1941 tertii
554 1901 602 1940 ad
635 1901 759 1953 quarti
793 1901 957 1940 initium.
1030 1900 1116 1946 Quo
1149 1902 1278 1936 autem
1317 1908 1455 1936 errore
1490 1896 1627 1935 sedem

100 1973 338 2022 mutaverit,
386 1984 581 2024 quaerere
631 1970 892 2023 supersedeo.
968 1970 1156 2008 Fortasse
1201 1969 1456 2020 diffyolnovg
1511 1980 1626 2018 quum

101 2046 290 2085 omissum
323 2045 370 2084 ab
412 2046 610 2084 oscitante
654 2044 817 2083 librario
858 2043 1026 2091 suisset,
1067 2047 1104 2081 et
1142 2046 1282 2093 postea
1327 2041 1544 2092 suppletum
1586 2041 1623 2078 in

98 2118 308 2170 margine,
340 2118 387 2157 ab
420 2117 497 2157 alio
529 2117 747 2168 repositum
781 2121 841 2155 est
872 2116 963 2155 loeo
996 2127 1073 2155 non
1106 2127 1206 2161 suo,
1238 2115 1274 2152 in
1318 2113 1464 2152 vicinia
1498 2125 1627 2150 roca«

97 2189 178 2228 buli
210 2185 377 2238 ἄλλους,
408 2201 577 2241 quocum
607 2201 728 2228 sensu
762 2188 1015 2227 coniunctum
1048 2191 1167 2226 esset.
1227 2185 1370 2225 Similis
1402 2188 1462 2223 est
1493 2196 1513 2222 a
1546 2196 1625 2222 no-

99 2260 162 2299 bis
202 2262 416 2300 observata
464 2261 678 2301 verborum
726 2260 985 2312 transpositio
1028 2260 1066 2298 in
1105 2259 1260 2310 Fragm.
1303 2256 1472 2295 CXXIV.
1517 2253 1626 2301 ἴδεος

100 2330 202 2370 male
235 2336 428 2371 remotum
470 2333 518 2371 ab
553 2333 665 2371 initio
697 2342 837 2371 versus
871 2331 1000 2380 tertii,
1032 2334 1069 2368 et
1105 2328 1237 2367 versui
1280 2326 1452 2366 additum
1483 2326 1623 2378 primo.

98 2401 147 2441 Et:
178 2402 309 2442 ἀείδει
341 2403 389 2442 ab
429 2403 539 2443 initio
582 2414 723 2442 versus
760 2402 980 2454 relegatum
1014 2401 1050 2439 in
1091 2401 1206 2439 tinem
1251 2409 1392 2437 versus
1435 2398 1626 2447 eiusdem,

98 2474 254 2528 Fragm.
286 2474 427 2514 Χ[,11·)(·.
542 2476 766 2514 Proximum
797 2479 856 2513 est
887 2479 928 2513 ut
962 2473 1200 2512 illustremus
1232 2471 1353 2509 verba
1379 2469 1622 2518 Callimachi,

101 2543 483 2594 emendationesque
515 2545 742 2584 Casauboni
776 2549 817 2584 ut
845 2544 1109 2595 approbemus
1141 2548 1258 2593 atque
1282 2540 1620 2580 commendennts.

98 2617 158 2656 Ac
191 2617 355 2668 pritnum
387 2616 529 2666 nobis,
569 2617 633 2668 qui
676 2617 782 2655 necti
810 2617 912 2655 inter
953 2627 997 2654 se
1029 2617 1265 2667 Fragmenta
1300 2610 1538 2652 CLXXXVI.
1585 2614 1623 2649 et

101 2687 180 2726 CX.
212 2688 419 2736 iussimus,
452 2687 733 2726 declarandum
760 2692 842 2739 cst,
872 2687 1074 2739 quomodo
1106 2698 1234 2725 nexae
1276 2685 1498 2723 sententiae
1532 2682 1619 2721 sue-

102 2759 204 2809 rint,
236 2759 297 2798 vel
328 2760 458 2811 potius
491 2758 691 2810 quomodo
721 2758 827 2797 necti
859 2758 1070 2809 potucrInt.
1130 2756 1170 2795 ld
1213 2757 1310 2794 meis
1354 2755 1495 2793 faciam
1528 2765 1624 2792 ver-

102 2829 234 2879 sibus,
262 2831 400 2883 partim
431 2835 521 2870 ante
553 2829 701 2881 scripta
733 2829 782 2869 de
813 2829 905 2869 loco
943 2828 1088 2869 Suidae
1122 2832 1159 2868 ct
1198 2828 1377 2883 alytalagi
1407 2825 1624 2869 illustratu-
