1856 3126
811 117 1086 155 -32.-Δ

181 235 339 287 impune
386 232 491 272 licet.
562 231 830 286 perstringam
879 232 954 276 hac
995 236 1293 287 opportunitate
1337 245 1439 287 quae
1489 247 1619 288 pauca
1669 237 1709 277 in
1750 270 1753 271 γ

180 305 458 346 Callimacheis
492 308 650 344 exstant
683 304 799 345 huius
830 318 979 358 pravae
1011 319 1205 348 caesurae
1245 308 1479 348 trochaicae
1509 307 1706 361 exempla.

177 376 325 417 Omitto
357 387 406 414 ea
436 387 539 427 quae
569 377 744 428 speciem
775 381 924 417 tantum
953 379 1160 430 pravitatis
1193 379 1355 428 habent,
1385 379 1514 431 qualia
1547 383 1641 419 sunt
1668 379 1708 420 h.

174 447 303 499 Apoll.
319 446 385 487 35
415 446 453 486 11.
471 448 585 487 Dian.
609 446 698 488 144.
718 449 810 489 201.
831 448 867 488 h.
902 450 1073 490 Cer.4o.
1104 452 1260 503 Fragm.
1285 451 1402 490 CXX.
1428 452 1462 490 1.
1495 450 1707 491 CXXXVI.

177 519 338 559 CCXCI.
367 517 575 559 CCCCXL.
635 520 791 560 Deinde
831 522 970 561 omitto
1014 521 1142 573 haec,
1188 534 1289 574 quae
1330 526 1479 561 tantum
1517 534 1590 573 per
1630 522 1708 561 ali-

175 596 363 644 quantum
394 592 584 643 temporis
615 591 768 633 librarii
800 594 1045 646 negligentia
1078 599 1143 634 aut
1178 607 1229 633 ex
1270 596 1446 633 virorum
1496 593 1705 633 doctorum

172 675 313 703 errore
353 663 509 703 malave
541 665 823 705 emendatione
856 666 1097 718 elegantiam
1142 666 1418 706 det'ormarunt
1451 664 1705 706 Callimachi:

171 737 210 775 h.
241 735 330 775 Cer.
370 736 460 776 138.
491 736 541 776 ἵν’
576 733 620 784 ὃς
651 732 785 789 (ἕρπ’,
818 738 971 785 ἐκεῖνος
1006 734 1190 789 οἷμοέσσοι
1226 739 1277 778 in.
1309 739 1380 778 MS.
1414 738 1570 778 Veneto
1603 738 1707 790 apud

171 807 449 848 Ruhnkcnium
478 808 602 860 Epist.
633 808 719 847 crit.
749 807 795 847 ΙΙ.
825 820 862 860 p.
898 809 991 849 173.
1051 809 1355 862 F1·agm.XXX.
1390 809 1428 848 in
1464 808 1706 848 collectione

169 881 313 921 Annae
344 881 385 921 F.
421 893 458 933 p.
488 879 582 921 366.
613 880 677 920 cd.
707 880 800 920 Ern.
835 876 977 931 ὥσπερ
1009 882 1166 921 ἐκεῖναι
1188 882 1360 933 ηρῶκας
1390 877 1514 932 ἔραζε
1548 877 1707 921 πεσού-

169 968 274 1004 σας,
306 965 409 1006 quae
442 954 580 1003 verba,
617 953 797 992 derivata
831 964 881 992 ex
910 953 1077 993 scholiis
1108 952 1310 992 Theocriti
1332 952 1394 992 IV.
1418 951 1479 995 16.
1512 953 1578 993 ubi
1601 954 1703 994 male

171 1036 259 1065 cum
290 1025 368 1064 alio
400 1024 624 1077 fragmento
656 1023 829 1064 conflata
861 1024 1060 1077 leguntur,
1088 1036 1205 1076 quum
1238 1025 1500 1074 CasauhonO,
1531 1030 1570 1065 et
1601 1026 1705 1066 Sca-

168 1095 299 1149 ligero
332 1107 490 1148 quoque
523 1095 672 1148 Castig.
709 1097 748 1135 in
778 1096 963 1148 Append.
997 1097 1136 1148 Virgil.
1167 1109 1202 1148 p.
1236 1095 1329 1136 234.
1362 1097 1540 1137 fraudem
1573 1097 1703 1137 secis-

169 1173 273 1219 sent,
305 1168 355 1208 ad
387 1180 499 1208 suum
530 1167 660 1208 locum
693 1168 759 1221 qui
791 1173 852 1208 est
888 1169 927 1208 in
960 1168 1108 1221 hymno
1139 1169 1336 1221 Apollinis
1367 1181 1404 1209 v.
1433 1167 1500 1209 40.
1531 1166 1600 1208 41.
1632 1181 1704 1209 r-e-

167 1243 314 1280 vocata
347 1244 465 1292 atque
495 1240 589 1281 inde
619 1242 830 1281 emendata
859 1246 950 1282 sunt
978 1249 1003 1280 ’3
1030 1241 1132 1281 Dan.
1163 1241 1328 1281 Heinsio
1360 1246 1400 1281 et
1429 1241 1595 1294 Toupio.
1655 1241 1703 1281 H.

167 1310 250 1351 Iov.
273 1312 339 1352 33.
377 1313 492 1368 Νέὸῃ
528 1313 574 1352 δὲ
607 1312 644 1353 σ’
673 1310 804 1353 ἔδωκε
834 1315 1047 1364 κομίσσαι,
1079 1325 1130 1352 ΟΧ
1160 1314 1262 1352 mala
1285 1313 1474 1353 Brunckii
1506 1314 1703 1354 emenda-

164 1384 304 1434 tione,
338 1384 404 1435 qui
437 1387 602 1435 propter
635 1382 805 1422 eandem
840 1385 1043 1436 augmenti
1073 1384 1356 1436 cupiditatem,
1392 1384 1561 1424 eandem
1605 1395 1704 1424 cae-

164 1466 298 1495 suram
331 1454 369 1493 in
387 1454 604 1505 Apollonio
640 1457 878 1506 propagavit
907 1454 1133 1506 aliquoties,
1165 1455 1193 1494 1.
1220 1454 1314 1496 542.
1338 1456 1382 1495 II.
1403 1457 1496 1496 237.
1521 1456 1567 1495 H.
1582 1457 1699 1496 Dian.

171 1526 235 1566 18.
268 1522 389 1565 πόλιν
420 1526 466 1565 δὲ
494 1527 594 1578 ιιιιίμ)
625 1525 727 1576 (sic)
762 1523 857 1566 τινὰ
897 1531 1064 1578 νεῖμον,
1098 1539 1120 1566 8
1157 1528 1388 1567 coniectura
1418 1528 1464 1567 H.
1495 1527 1700 1580 Stephani,
1762 1582 1765 1585 .
1820 1572 1823 1575 .

167 1609 271 1650 quae
317 1602 457 1637 nostro
511 1602 690 1650 tempore
741 1597 903 1649 placere
955 1598 1202 1638 Blomtieldio
1247 1601 1386 1651 potuit.
1468 1598 1593 1652 Igitur
1639 1599 1702 1639 his

149 1670 327 1711 ‚omissis
359 1670 432 1709 tria
459 1669 636 1723 omnino,
668 1671 835 1711 sirecte
863 1672 1086 1722 numeravi,
1117 1676 1271 1712 restant
1293 1684 1488 1712 caesurae
1518 1671 1701 1712 trochai-

166 1754 241 1783 cae
272 1743 312 1782 in
346 1746 485 1793 quarto
516 1741 620 1793 pede
653 1742 852 1795 exempla:
883 1743 919 1784 11.
943 1743 1026 1784 Iov.
1048 1745 1112 1784 21.
1142 1743 1180 1783 11.
1202 1744 1290 1784 Del.
1309 1746 1401 1784 215.
1432 1744 1568 1797 Epigr.
1587 1745 1613 1784 Ι.
1635 1745 1697 1784 15.

166 1816 342 1864 Quorum
375 1813 469 1854 illud
510 1814 619 1866 quod
662 1819 724 1854 est
760 1816 803 1855 in
843 1815 882 1854 h.
918 1815 1001 1855 Iov.
1044 1817 1119 1856 etsi
1160 1815 1366 1856 lenissima
1411 1816 1514 1856 haec
1558 1818 1608 1856 sit
1650 1828 1698 1857 ac

163 1899 294 1941 paene
325 1887 430 1927 nulla
455 1886 701 1939 emendatio,
733 1891 988 1941 augmentum
1010 1888 1164 1939 tollere,
1196 1892 1329 1928 tamen
1352 1890 1400 1928 iis
1431 1899 1697 1928 annumerare

161 1961 310 2011 malim,
347 1961 386 1999 in
420 1959 561 2011 quibus
593 1960 770 2012 speciem
801 1964 951 1999 tantum
988 1972 1081 2000 csse
1114 1961 1322 2013 pravitatis
1362 1960 1467 2001 dixi:
1501 1960 1577 2000 illis
1609 1972 1698 2000 ma-

163 2033 300 2082 xime,
327 2031 366 2070 h.
400 2032 488 2070 Cer.
513 2031 580 2071 46.
610 2025 768 2085 Fragm.
789 2031 998 2072 CXXXVI.
1055 2033 1157 2072 Dum
1189 2028 1248 2073 ὅτ’
1277 2037 1388 2072 arcte
1417 2032 1699 2086 coniungimus

166 2103 474 2157 pronunciando
509 2115 598 2143 cum
629 2103 834 2158 ἐλύσατο,
870 2105 910 2145 id
942 2105 1049 2157 quod
1082 2106 1166 2158 ipsa
1206 2110 1347 2144 natura
1379 2105 1548 2145 voculae
1588 2106 1698 2158 cogit

162 2181 205 2217 ut
235 2176 456 2225 faciamus,
487 2176 729 2216 obscuratur
759 2186 942 2215 caesura.
1001 2175 1127 2215 Nemo
1159 2178 1262 2217 enim
1294 2179 1346 2218 ita
1388 2177 1694 2230 pronunciabit:

155 2245 251 2302 Ῥέη
278 2245 365 2302 δ’τἸ
395 2245 572 2287 ἐλύσατο
604 2264 646 2299 μ.
687 2246 781 2287 sed:
811 2244 912 2300 (Ρέη
940 2247 945 2300 Ι
973 2241 1029 2287 ὅτ’
1072 2245 1252 2290 ἐλύσατο
1280 2265 1326 2301 μ.
1385 2248 1475 2289 Alia
1513 2261 1581 2289 res
1619 2254 1694 2301 esi,

161 2332 291 2373 eaque
323 2320 420 2360 satis
447 2319 718 2359 memorabilis
748 2321 789 2359 in
819 2319 857 2360 h.
884 2319 970 2359 Del.
1005 2320 1099 2359 215.

273 2392 424 2446 νύμφα
455 2389 557 2439 Διὸς
587 2388 838 2443 βαρύθυμε,
872 2388 924 2431 σύ
959 2391 997 2431 δ’
1026 2391 1099 2431 οὐκ
1127 2386 1192 2446 ἄρ’
1226 2389 1393 2444 ἐζιιελλες
1425 2385 1610 2440 ἄπυστος

276 2461 352 2517 &jv
384 2461 544 2515 ἑζιιειάι.

163 2535 231 2573 ubi
260 2546 339 2586 ego
370 2529 488 2575 etiam
516 2537 646 2576 minus
675 2536 723 2576 de
754 2536 1036 2576 emendatione
1077 2548 1150 2586 ea,
1184 2548 1286 2588 quae
1325 2535 1444 2575 facite
1479 2535 1563 2575 fieri
1609 2535 1691 2576 tol-

161 2605 283 2645 lendo
314 2613 532 2658 augmento
563 2613 727 2660 posset,
761 2608 1034 2661 cogitaverim.
1097 2609 1249 2660 Quippe
1289 2612 1429 2660 reputo
1463 2607 1564 2647 haec
1604 2608 1690 2659 ipsa

160 2677 310 2728 verba,
342 2678 418 2717 οὐκ
450 2674 514 2730 ἄρ’
544 2678 744 2733 ἔμελλον,
776 2681 878 2733 apud
911 2681 1125 2720 Homerum
1156 2680 1367 2732 aliquoties
1397 2679 1514 2731 plane
1543 2678 1688 2720 eodem

158 2747 279 2788 modo
313 2750 440 2799 posita
467 2749 561 2801 legi,
591 2756 629 2790 ut
654 2764 864 2793 caesuram
888 2752 1038 2791 saciant
1065 2751 1311 2791 trochaicam
1337 2751 1376 2790 in
1401 2754 1541 2803 quarto
1566 2750 1687 2802 pede:

157 2819 268 2861 lliad.
301 2820 346 2861 V.
372 2822 465 2862 205.
491 2821 583 2863 636.
617 2822 754 2864 XVIII.
783 2824 852 2865 98.
912 2824 1036 2864 Recte
1077 2834 1275 2873 secusne,
1316 2822 1532 2863 Homerum
1573 2823 1682 2876 quod
