1856 3126
763 139 1070 178 —242'—

150 258 236 299 sitis
267 257 522 298 obversatam
553 266 645 296 esse
677 257 999 309 superstitionem
1032 256 1151 307 illam,
1183 251 1292 306 quod
1324 253 1365 293 in
1397 255 1570 293 mentem
1599 261 1682 292 non

149 328 300 369 nemini
331 328 461 376 venit,
490 327 745 378 comprobari
775 328 923 379 nequit.

260 400 396 439 Possis
428 409 546 438 omen
575 398 727 438 addere
766 400 949 448 tertium,
986 398 1177 437 omissum
1209 407 1231 435 a
1263 395 1444 435 Bentleio
1475 395 1687 448 fragmen-

96 506 107 517 ,
151 476 231 511 tum
264 468 520 519 Callimachi,
552 469 659 521 quod
693 474 754 509 est
784 470 887 509 inter
917 469 1156 521 Fragmenta
1187 480 1210 507 a
1238 453 1480 519 spanhemio
1512 467 1686 507 collecta

148 555 186 595 p.
215 542 309 582 390.
342 547 400 593 (p.
434 541 527 583 280.
557 540 621 580 ed.
652 540 822 587 Graev.)
851 552 959 580 nunc
991 541 1051 579 Fr.
1083 539 1222 579 Blomf.
1259 537 1524 578 CCCCXCIX.
1553 549 1577 577 e
1605 549 1687 578 no-

149 615 217 655 bili
250 613 389 654 Galeni
420 612 513 652 loco
546 612 596 651 de
627 612 991 664 significatIOnibus
1024 612 1138 651 vocis
1167 610 1353 664 πέμφιξ,
1383 609 1423 649 Τ.
1444 609 1564 650 XVII.
1599 609 1685 650 P.1.

149 699 188 739 p.
205 685 302 726 879.
325 696 384 736 sq.
416 682 479 723 ed.
500 683 604 734 LipS.
637 695 753 735 quem
783 694 910 734 nuper
940 682 1268 733 ingeniosissime
1296 682 1557 732 pertractavit
1576 681 1683 720 Her-

149 767 344 805 mannus,
387 754 437 794 de
470 755 663 807 Aeschyli
703 754 942 794 Prometheo
983 753 1113 793 soluto
1144 765 1181 804 p.
1216 752 1280 792 24.
1312 764 1371 804 sq.
1421 753 1592 804 [Opusc.
1624 752 1687 792 IV.

147 841 185 881 p.
217 828 310 869 276.
345 831 430 879 sq.)

369 897 427 950 μή
461 895 531 937 δια
559 895 781 949 πεμφίγων
809 897 1086 948 ἐναγίσματα.

147 971 212 1013 Sic
240 971 513 1010 Hermannus:
543 968 665 1020 vulgo
696 964 917 1020 s'm‘yovow
946 964 1008 1006 ἔα.
1083 967 1243 1006 Iustone
1275 964 1446 1004 videbor
1476 963 1686 1014 audacior,

148 1042 183 1082 si
212 1041 304 1094 quid
335 1041 434 1080 ultra
465 1038 746 1092 processero?
805 1038 908 1077 Male
939 1050 1002 1077 me
1035 1037 1158 1077 habet
1197 1036 1428 1089 imperfecta
1461 1036 1685 1076 sententia:

149 1125 230 1152 non
263 1113 314 1152 ita
356 1112 485 1164 parcit
526 1111 661 1150 verbis
692 1109 866 1150 Galenus
899 1110 938 1148 in
971 1109 1144 1148 caeteris
1182 1113 1390 1161 poetarum
1421 1106 1684 1160 Fragmentis.

149 1185 337 1225 ConIeci:

369 1254 507 1294 δείδια
540 1253 764 1306 πεμφίγων
795 1250 1075 1304 ἐναγίσματα.

144 1329 276 1366 metuo
308 1325 410 1364 istas
437 1329 641 1377 quadrum
677 1323 864 1375 inferias.
924 1324 1004 1363 hoc
1035 1328 1119 1374 est,
1153 1328 1288 1364 metuo
1331 1327 1466 1375 guttas
1507 1322 1683 1374 pluviae,

145 1400 319 1447 mortuo,
339 1396 426 1436 scil.
447 1396 622 1446 Theseo,
641 1400 913 1448 parentantes.
947 1395 1004 1435 Cf.
1026 1395 1121 1435 ibid.
1144 1394 1348 1447 Euphorio
1372 1395 1453 1443 (Fr.
1468 1394 1684 1444 LXXVLJ:

146 1467 352 1521 ἠπεδαναί
389 1467 596 1521 πέμφιγες
633 1464 903 1518 ἐπιτρύζουσι
938 1464 1140 1506 θανόντα.
1212 1468 1345 1507 Verba
1390 1470 1482 1506 sunt
1524 1466 1682 1515 Galeni‚

144 1539 212 1580 ubi
245 1551 293 1579 ea
323 1539 550 1591 fragmenta
580 1537 792 1590 producit:
825 1535 889 1576 διὸ
927 1539 999 1577 καί
1027 1538 1109 1577 ταῖν
1139 1537 1465 1591 προγυωστικῶν
1496 1535 1534 1576 οἱ
1565 1540 1682 1576 πλεῖ·-

143 1627 232 1653 στοι
262 1612 333 1651 ἐπί
361 1612 445 1650 τῶν
476 1609 580 1650 κατα
613 1608 710 1656 τούς
752 1604 940 1661 ὄμβρους
976 1608 1192 1662 σταγόνων
1231 1609 1437 1660 εἰρῆσθαί
1461 1623 1570 1662 φασι
1608 1607 1685 1655 τας

146 1685 374 1738 πέμφιγας.
433 1683 568 1724 Simile
597 1687 670 1734 est,
701 1682 773 1722 sed
805 1683 933 1735 magis
963 1687 1255 1735 portentosum,
1289 1682 1416 1721 imber
1447 1682 1552 1720 lovis
1583 1692 1684 1720 san-

143 1756 326 1807 guineus,
356 1751 501 1805 ὲέρσαι
532 1754 681 1803 αἵματι
709 1753 939 1804 μυδαλέαι,
971 1752 1124 1802 ψιάὸες
1151 1750 1459 1804 αἱματόεσσαι,
1491 1752 1604 1792 Hom.
1641 1750 1682 1791 ll.

144 1825 298 1865 Χ1.53.
332 1825 434 1867 XVI.
462 1825 557 1865 459.
598 1826 704 1865 Scut.
735 1825 782 1864 H.
814 1826 908 1865 384.
970 1824 1084 1864 Unde
1121 1829 1253 1877 guttas
1295 1823 1525 1863 ambrosiae
1560 1823 1679 1862 alium

145 1898 185 1937 in
217 1908 330 1936 usum
361 1896 458 1936 fecit
490 1897 658 1944 Quintus
690 1896 752 1935 111.
784 1895 881 1935 697.
927 1895 1183 1935 Homericum
1214 1897 1420 1935 inventum
1458 1906 1531 1935 suo
1567 1906 1682 1934 more

147 1969 358 2021 amplificat
400 1968 565 2008 Nonnus
610 1967 769 2007 XXVII.
810 1967 872 2007 13.
913 1979 999 2019 sqq.
1074 1966 1123 2006 Et
1168 1967 1253 2006 noti
1302 1967 1494 2007 Romanis
1533 1965 1683 2005 imbres

148 2040 328 2080 cruenti:
357 2039 482 2091 Intpp.
508 2039 680 2080 Petronii
713 2038 869 2079 CXXII.
902 2052 942 2078 v.
979 2038 1074 2078 139.
1136 2038 1199 2078 Ad
1229 2037 1339 2077 Iliad.
1372 2037 1440 2077 XI.
1475 2049 1682 2077 memora-

146 2112 226 2152 bile
254 2112 437 2151 scholion
468 2113 516 2152 A.
558 2123 639 2151 non
671 2111 721 2150 de
761 2111 987 2163 sanguineo
1028 2110 1155 2148 imbre
1185 2106 1464 2160 accipiendum
1497 2106 1617 2156 illud,
1649 2107 1684 2146 si

147 2183 240 2236 quid
271 2184 408 2234 video,
439 2183 510 2223 sed
543 2183 593 2223 de
624 2187 810 2236 portento
839 2194 891 2222 ex
921 2181 1048 2221 imbre
1077 2180 1246 2233 vulgari,
1277 2179 1327 2219 de
1359 2191 1436 2231 quo
1467 2178 1572 2230 apud
1593 2178 1683 2217 Cal-

147 2256 357 2297 limachum
398 2261 435 2295 et
466 2256 789 2308 Euphorionem:
835 2252 857 2306 ἦ
894 2252 1046 2305 διπλῆ,
1088 2248 1150 2291 ὅτι
1197 2251 1317 2290 δοκεῖ
1354 2254 1525 2302 σημεῖον
1561 2243 1684 2299 εἶναι,

148 2322 246 2367 ὅταν
278 2323 540 2382 ἑπιψεκοῖσῃ,
586 2328 662 2378 οὐχ
696 2322 795 2366 ὅταν
837 2322 931 2380 ὕσῃ.
993 2325 1208 2377 πέμφιγας
1249 2320 1386 2361 ’ὕετοῑο
1422 2321 1520 2359 dixit
1551 2321 1684 2373 eiiam,

149 2399 222 2439 sed
254 2399 331 2438 alia
361 2399 400 2445 in
431 2411 490 2448 1-6,
522 2398 724 2438 Nicander
749 2396 866 2436 Ther.
898 2395 991 2435 273.
1053 2393 1171 2442 Quod
1200 2391 1360 2433 conieci
1391 2391 1533 2439 obiter,
1563 2402 1684 2443 quum

148 2470 314 2522 primum
346 2470 447 2510 haec
477 2469 703 2521 posteriora
737 2468 865 2520 capita
894 2467 1077 2515 edebam,
1108 2466 1365 2505 coniunctum
1395 2463 1569 2503 fortasse
1603 2462 1683 2501 hoc

152 2543 201 2582 de
231 2543 406 2595 πέμφιξι
440 2541 746 2581 Calliinacheum
781 2552 869 2579 cum
904 2539 1144 2590 Fragmento
1175 2535 1354 2584 XLV11÷÷.
1380 2534 1504 2574 fuisse
1536 2535 1611 2583 ita,
1642 2537 1683 2573 ut

151 2613 300 2653 Hecale
331 2625 382 2652 ex
410 2613 544 2665 fungis
575 2611 763 2664 ellychnii
794 2611 959 2650 imbrem
992 2621 1161 2660 eumque
1192 2609 1330 2646 mortis
1361 2607 1562 2655 indicem,
1591 2616 1681 2644 me-

152 2686 298 2734 tuerit,
344 2684 384 2723 id
421 2695 528 2723 nunc
567 2683 749 2734 repudio.
818 2681 1009 2721 Videntur
1053 2680 1179 2732 magis
1229 2680 1303 2718 tria
1353 2677 1513 2717 diversa
1555 2676 1681 2716 fuisse
1736 2702 1739 2703 ν

153 2756 308 2806 omina,
338 2759 514 2802 noctua,
544 2755 680 2806 fungi,
714 2756 932 2806 πέμφιγες.
1001 2751 1042 2791 Si
1070 2750 1228 2803 quidem
1272 2750 1350 2789 hoc
1394 2749 1444 2788 de
1484 2749 1608 2801 guttis
1640 2748 1680 2787 in

153 2826 300 2868 Hecale
331 2828 428 2866 fuit:
459 2826 564 2878 quod
595 2838 692 2866 sane
725 2836 806 2864 nou
835 2822 1110 2875 improbabile.
1171 2821 1381 2861 Cumulare
1405 2820 1547 2860 eadem
1577 2820 1616 2859 in
1636 2830 1681 2859 re
