1856 3126
789 132 1096 171 —237‘—

184 249 286 290 dies.
326 249 377 289 ad
409 248 704 290 similitudinem
739 248 929 289 Homeri:
971 234 1048 289 καί
1085 246 1133 290 vv'
1181 250 1217 289 κ’
1264 246 1560 301 ὀδυρομένοισι
1602 240 1716 299 φάνη

183 319 489 374 ῥοδοδάκτυλος
517 319 652 369 Thoe,
682 325 721 360 et
749 344 802 350 —
834 346 885 351 —
917 317 991 360 ἔδυ
1015 317 1336 373 φάοςῚῙελίοιο.
1394 318 1524 358 Nonni
1544 316 1630 357 XX.
1649 315 1715 355 23.

187 396 305 433 Τοῖσι
330 393 377 432 δὲ
396 392 713 444 τερπομένοισιν
745 390 984 443 ἀνέδραμεν
1003 387 1201 442 τἘσιτερος
1224 387 1375 442 οἷστήρ,
1429 391 1581 444 φέγγος
1613 387 1715 428 οἴνοι-

182 466 346 512 στείλας
377 464 655 516 χοροτερπὲος
678 462 954 516 ΤΙριγενειής.
986 463 1040 503 cf.
1064 462 1185 502 XXV.
1203 462 1297 502 567.
1328 461 1470 502 XXIX.
1491 459 1586 500 323.
1626 460 1715 501 Non

183 538 329 589 inepte.
403 535 482 576 Sed
522 535 744 576 insolenter
786 536 932 576 dictum
980 535 1230 586 α’νίσχουσιν
1278 532 1599 574 ascendentibus.
1668 531 1718 571 Et

185 608 347 648 omnino
392 610 570 658 praestat
616 606 794 646 alterum.
862 604 967 646 Τιτώ
1013 610 1136 645 totum
1182 605 1516 645 Callimacheum:
1565 609 1607 645 ut
1651 605 1719 656 qui

183 693 270 720 eam
300 691 444 719 vocem
472 679 636 718 laudant
665 678 931 732 grammatici,
962 678 1201 730 Etymologi,
1232 678 1296 728 qui
1328 677 1487 729 quidem
1521 675 1718 729 ὑποκορι-

183 747 328 792 στικόν
361 763 455 792 esse
492 751 651 791 tradunt
683 763 704 790 a
734 748 927 799 Τιτανίς,
957 749 1114 798 Suidas,
1144 748 1369 800 Hesychius
1403 748 1441 788 in
1477 750 1531 789 Τι’
1561 748 1641 805 τῷ,
1679 752 1719 788 et

183 826 246 865 cui
276 836 441 877 prorsus
476 823 748 864 conveniebat
779 835 867 863 cuin
898 822 1164 875 Etymologis,
1194 821 1505 862 Choeroboscus
1539 821 1718 861 Crameri

181 898 219 936 in
253 897 409 936 Anecd.
443 896 510 936 Gr.
548 895 593 935 ll.
629 907 664 947 p.
696 896 791 945 963,
824 895 890 935 30.
930 894 1004 943 (cf.
1041 894 1137 934 ibid.
1172 906 1206 946 p.
1244 893 1340 944 454,
1374 893 1486 944 Q),
1524 904 1664 933 omnes
1695 905 1718 932 e

182 968 425 1009 Callimacho
466 968 631 1008 laudare
665 967 860 1006 censendi
891 968 982 1006 sint.
1042 967 1151 1007 Unus
1184 967 1305 1006 habet
1340 970 1502 1018 praeter
1531 965 1719 1005 Callima-

181 1040 311 1090 chum,
341 1039 413 1079 sed
443 1051 465 1078 a
498 1038 741 1078 Callimacho
775 1038 880 1077 haud
910 1037 1041 1087 dubie,
1072 1037 1285 1089 Lycophro
1319 1051 1356 1078 v,
1391 1037 1485 1078 941.
1517 1033 1635 1077 οὔπω
1668 1037 1712 1077 τό

186 1114 334 1160 Τιτοῦς
367 1108 561 1163 λαμπρὸν
594 1108 791 1162 αὐγάζων
827 1109 957 1165 φάοςε
989 1110 1056 1150 ubi
1086 1111 1283 1162 λαμπρόν
1314 1110 1562 1162 respondere
1594 1109 1718 1149 Calli-

182 1186 350 1226 macheo
390 1181 602 1238 βλοσυρόν
633 1184 802 1224 videtur.
862 1180 1002 1236 ἔγρετο
1033 1184 1069 1223 δ’
1102 1181 1212 1230 Ἠώς
1244 1183 1536 1234 frequentatum
1570 1182 1717 1230 Quinto

180 1259 242 1300 lV.
273 1259 340 1299 75.
383 1258 463 1298 Vll.
499 1259 533 1297 1.
576 1258 641 1298 lX.
678 1260 713 1297 1.
742 1257 808 1297 67.

292 1330 536 1370 Callimacho
566 1329 825 1370 Ruhnkenius
856 1328 953 1380 Epp.
984 1328 1112 1367 Tium.
1144 1340 1180 1380 p.
1207 1328 1271 1366 21.
1302 1326 1449 1377 tribuit,
1478 1338 1554 1366 nos
1581 1331 1714 1377 autem

179 1415 260 1443 non
292 1403 394 1442 male
426 1404 466 1442 in
496 1402 692 1442 Theseum
727 1403 961 1450 convenire,
995 1401 1061 1454 qui
1091 1405 1203 1453 parat
1234 1401 1396 1451 abitum,
1427 1399 1719 1440 animadverti-

179 1487 266 1516 mus
298 1475 399 1526 hoc,
428 1474 534 1527 quod
565 1474 669 1526 apud
700 1474 860 1515 Suidam
895 1475 935 1513 in
964 1486 1001 1513 v.
1034 1473 1294 1526 Πασσαγιήν
1326 1473 1414 1513 sine
1451 1474 1633 1513 nomine:

455 1539 537 1585 εἷλε
568 1547 613 1586 δὲ
643 1548 907 1598 πασσαγιί]ν,
938 1543 1035 1584 τόδε
1063 1545 1100 1584 δ’
1127 1542 1281 1585 ἔννεπε.

179 1620 336 1672 Fragm.
367 1618 508 1658 Blomf.
543 1617 885 1658 CCCCLXXXVI.

291 1689 464 1740 Theseo,
496 1701 615 1741 quum
646 1689 724 1729 iam
757 1689 934 1729 abiturus
965 1692 1088 1737 esset,
1123 1687 1373 1728 sollemniter
1404 1692 1445 1728 et
1475 1688 1595 1728 multa
1630 1699 1718 1728 cum

182 1763 386 1803 anxietate
418 1762 508 1801 vale
541 1761 692 1802 dixisse
723 1762 901 1801 Hecalen
935 1760 1131 1801 credibile
1163 1765 1238 1800 est.
1310 1761 1383 1801 Hic
1422 1765 1551 1813 aptum
1586 1760 1719 1800 locuni

182 1835 361 1873 inveniet
390 1833 671 1886 Fragmentum
702 1832 852 1872 Callim.
887 1831 1054 1872 CXLIV.
1096 1832 1202 1884 quod
1237 1836 1361 1872 totum
1395 1845 1614 1885 apponam,
1642 1846 1720 1874 una

183 1917 272 1945 cum
305 1905 441 1946 verbis
472 1904 640 1955 Suidac,
686 1904 827 1956 quibus
871 1915 970 1955 opus
1008 1908 1093 1954 cst,
1139 1907 1180 1942 ut
1219 1904 1464 1956 percipiatur
1506 1907 1719 1946 sententia.

182 1977 348 2018 Suidas:
383 1973 477 2031 ΖΠή.
508 1976 554 2017 τὸ
588 1974 932 2029 α’παγορευτικόν.
965 1974 1057 2015 α’ντί
1085 1976 1160 2015 τοῦ
1195 1975 1265 2015 Ου’
1296 1982 1428 2016 κεῖται
1459 1977 1572 2028 παρὰ
1603 1979 1720 2017 Καλ-

183 2048 366 2106 λιμοὲχτιο.

353 2120 563 2175 ήρνεόμην
593 2116 797 2160 θανάτοιο
832 2116 963 2159 πάλαι
994 2118 1212 2168 καλέοντα
1241 2119 1438 2170 οἰκοῦσαι,

349 2191 406 2247 μή
439 2189 640 2246 μεταδήν.

183 2267 417 2316 τουτέστιν,
452 2263 528 2303 οὐκ
560 2265 772 2303 ἀπέθανον
804 2259 882 2315 πρὸ
916 2259 1095 2312 τούτου,
1136 2263 1204 2304 ἵνα
1243 2264 1293 2304 οὔ
1321 2264 1509 2319 μεταὸἡν
1546 2267 1618 2306 καί
1650 2265 1721 2307 ἐπὶ

185 2338 253 2375 σοι’
284 2337 482 2389 θρηνήσω
516 2332 803 2382 αἠοθαυόιιτος
844 2336 930 2384 (vel
964 2337 1222 2376 ιίποθανόιιτι
1255 2350 1277 2377 e
1308 2339 1413 2378 coni.
1447 2339 1637 2390 Bentleii,
1678 2344 1718 2379 et

184 2411 329 2457 Porti).
373 2411 444 2448 καί
484 2406 597 2461 παρὰ
634 2408 928 2463 Ἀριστοφάνει
972 2406 1015 2448 τὸ
1058 2405 1116 2461 μὴ
1158 2408 1254 2450 οἷντί
1291 2411 1369 2450 τοῦ
1412 2410 1464 2449 ου’
1509 2410 1716 2452 τάττεται.

184 2481 455 2521 Memorabilis
488 2481 662 2532 licentia,
698 2493 773 2533 qua
797 2479 939 2520 Suidas
975 2479 1097 2518 verba
1127 2487 1272 2533 poetae
1302 2483 1443 2533 partim
1476 2484 1560 2533 ipsa
1590 2484 1715 2535 ponit,

184 2557 326 2607 partim
358 2555 486 2595 soluta
517 2559 634 2606 atquc
672 2554 987 2604 circumscripta.
1058 2553 1205 2593 Similis
1250 2554 1316 2593 illa
1358 2554 1544 2594 licentiae
1577 2555 1717 2608 Olym-

185 2627 357 2680 piotlori,
390 2638 506 2678 quam
537 2626 631 2678 Cap.
664 2626 692 2665 l.
726 2626 766 2664 in
798 2612 952 2677 Fragm.
975 2624 1079 2665 Lm..
1111 2625 1427 2666 observavimus.
1478 2626 1628 2674 Quibus
1651 2627 1715 2668 hic

186 2699 323 2739 verbis
357 2697 622 2738 Callimachus
656 2698 895 2737 sententiam
930 2697 1196 2756 concluserit,
1230 2697 1390 2737 dubium
1421 2702 1502 2748 est3
1537 2698 1586 2738 de
1617 2710 1716 2738 sen-

187 2773 311 2811 tentia
345 2783 427 2811 non
461 2770 617 2810 videtur
657 2769 827 2809 dubitari
862 2780 1006 2820 posse,
1049 2781 1166 2821 quum
1208 2770 1715 2822 perspicuam-habeamus

185 2844 333 2886 Suidae
364 2843 747 2896 interpretationem.
807 2841 942 2883 Senex
973 2840 1147 2893 quidam,
1182 2841 1244 2881 vel
1265 2843 1411 2894 potius,
1443 2855 1545 2894 quae
1576 2848 1715 2883 nostra
