1856 3126
773 122 1129 159 —142——-

271 239 352 279 lam
379 241 455 280 etsi
483 239 636 280 sublata
668 238 955 279 emendatione
978 239 1206 281 Rulinkenii
1236 239 1342 280 nulla
1371 239 1521 280 diserta
1551 236 1696 290 ἔτνους

161 313 312 352 mentio
343 316 492 362 restat,
535 323 697 364 semper
726 316 860 351 manet
890 312 980 352 talis
1024 313 1230 353 cuiusdam
1268 312 1436 362 ferculi,
1479 312 1597 364 quale
1635 316 1698 352 est

159 382 301 437 ἔτνος,
332 383 455 424 index
486 380 643 432 λάκτις.
702 384 990 438 Leguminum,
1026 398 1129 438 quae
1161 386 1232 427 fuit
1259 386 1515 427 usitatissima
1551 382 1721 434 ἔτνους.

162 454 344 505 materia,
376 454 522 494 nullum
554 454 756 505 indicium,
789 456 896 508 quod
926 456 1005 496 huc
1036 458 1246 509 pertineat,
1278 457 1316 497 in
1346 456 1581 511 fragmentis
1602 456 1697 496 Cal-

162 526 335 567 limachi.
395 527 474 567 Sed
505 526 599 578 quid
630 527 665 566 si
704 526 948 580 leguminum
978 528 1069 568 loco
1106 531 1344 570 frumentum
1372 529 1584 582 sumpserit
1611 528 1696 568 He-

162 600 276 649 cale,
322 611 357 639 e.
388 611 428 653 g.
476 599 710 640 hordeum?
774 599 964 640 Fortasse
1011 600 1076 641 hic
1122 606 1233 642 recte
1280 607 1498 655 reponetur
1536 602 1694 654 Fragm.

156 671 382 713 CCXXXll.
981 685 985 687 ’
1085 682 1088 684 ’

376 741 560 798 εἰκαιήν,
592 745 664 797 τῆς
695 744 821 784 ου’ὃὲν
853 743 1071 799 ἁπέβρασε
1102 746 1268 799 φαῦλον
1298 743 1480 797 ἀλετρίς.

155 816 275 857 Cuius
307 816 521 869 fragmenti
550 817 670 856 etiam
705 817 884 856 Zonaras
914 828 952 868 p.
984 817 1077 857 250.
1108 818 1307 858 meminit:
1339 814 1691 868 Ἀηοβράσματα.

154 887 203 929 τά
247 888 403 942 πίτυρα
450 887 564 941 παρὰ
604 883 903 945 Καλλιμάχῳ·
954 891 1025 942 τῆς
1065 889 1191 930 οὐδὲν
1234 889 1481 941 οἷπέβρασας
1528 889 1694 941 φαῦλον

154 961 337 1013 ἀλετρίς.
396 961 566 1001 Prorsus
595 964 637 1000 ut
667 964 727 1000 est
759 961 861 1012 apud
892 961 1055 1002 Suidam
1087 962 1127 1000 in
1147 958 1504 1012 Ἀηοβράσματατ
1542 983 1587 990 --
1620 959 1694 1012 τῆς

154 1045 198 1082 [θ
230 1032 322 1071 libb.
366 1032 515 1077 Gaisf.)
559 1031 684 1071 οῦδὲν
725 1030 942 1084 ἀπέβρασε
988 1046 1033 1085 φ.
1085 1029 1124 1071 ἆ.
1185 1031 1340 1071 Eodem
1377 1031 1514 1072 refero
1558 1030 1691 1073 Schot.

150 1102 355 1156 Aristoph.
387 1104 477 1142 Pac.
511 1103 604 1142 958.
636 1103 709 1142 καί
738 1101 906 1152 dmm&
935 1100 959 1155 ἦ
991 1099 1243 1155 μυλωθρός,
1274 1100 1389 1155 παρὰ
1412 1101 1692 1159 Καλλιμάχῳ.

152 1187 235 1216 non
268 1175 319 1215 ad
349 1175 545 1228 Hymnuin
588 1174 628 1213 in
672 1173 758 1214 Del.
796 1166 889 1214 2212.
921 1178 963 1214 ut
995 1174 1049 1213 ibi
1090 1178 1265 1214 statuunt
1295 1174 1584 1226 Spanhemius,
1613 1174 1694 1213 Er-

152 1249 316 1288 nestiuS.
378 1248 474 1287 Cum
515 1244 739 1287 Scholiasta
771 1245 974 1298 Aristoph.
1008 1247 1200 1286 convenit
1233 1246 1380 1287 Suidae
1421 1247 1460 1286 in
1501 1245 1693 1298 Ἀλετρί-

151 1323 292 1373 βαιιος.
352 1315 522 1371 ἀλετρίς
554 1323 638 1371 cst,
669 1324 760 1371 post
790 1319 1019 1369 Homerum,
1051 1318 1153 1371 apud
1184 1318 1426 1359 Nicandrum
1449 1318 1606 1371 Fragm.
1626 1318 1690 1362 lv,

153 1393 322 1443 [Athen.
354 1391 420 1431 lX.
452 1403 489 1444 p.
521 1390 617 1431 379.
652 1390 717 1440 F.)
749 1391 787 1430 5.
818 1386 923 1430 ἔνθα
957 1405 997 1430 τε
1027 1392 1169 1446 μέτρῳ
1229 1383 1384 1441 ὄσπρια
1415 1403 1695 1442 πανσπερμη-

153 1464 227 1506 δὸν
255 1463 531 1519 ἐπεγχεύῃσιν
560 1463 738 1515 α’λετρίς.
798 1459 952 1515 ἔβρασε
974 1462 1139 1502 verbum
1171 1474 1251 1501 non
1277 1462 1462 1500 usitatum
1490 1461 1693 1501 veteribus

151 1540 284 1592 poetis
317 1537 457 1589 epicis,
492 1536 663 1576 sirecte
692 1535 867 1585 memini,
901 1535 1002 1587 apud
1035 1536 1206 1575 eundem
1235 1533 1505 1585 Alexipt1.25.
1553 1532 1692 1588 εἰκαίῃ

155 1623 213 1652 SC.
244 1612 356 1664 κοίτῃ
391 1608 494 1660 apud
535 1607 655 1647 eund.
687 1607 804 1647 Ther.
849 1608 915 1648 78.
975 1607 1135 1659 εἰκαιής
1175 1618 1233 1646 SC.
1278 1609 1398 1658 γαίης
1440 1605 1555 1644 Ther.
1597 1602 1693 1644 394.

153 1683 278 1735 Igitur
307 1680 522 1721 videndum
563 1691 612 1718 an
644 1679 748 1720 haec
778 1680 830 1718 ita
862 1678 1087 1719 ordinanda
1130 1681 1221 1720 sint.
1282 1677 1501 1729 Apparavit
1543 1676 1691 1716 Hecale

152 1753 264 1801 ἔτνος
294 1766 326 1793 s.
358 1753 519 1806 pultem.
581 1752 748 1792 Primum
782 1752 950 1804 sumpsit
979 1751 1185 1803 intulitque
1216 1750 1454 1790 frumentum
1474 1781 1485 1801 ,
1518 1749 1690 1789 sortasse

148 1823 315 1880 noi-97¹1),

375 1897 556 1951 εἰκαιήν,
589 1899 663 1950 τῆς
694 1896 816 1937 οῦδὲν
849 1892 1064 1948 ἆηὲβρασε
1097 1895 1261 1947 φαῦλον
1292 1896 1472 1946 α’λετρίς.

153 1969 355 2021 coquitur.
415 1969 478 2009 Ad
508 1969 626 2009 finem
655 1973 898 2022 properante
937 1978 1062 2019 opere
1094 1978 1232 2006 rursus
1268 1967 1422 2019 poscit,
1467 1967 1580 2006 cuius
1610 1967 1686 2007 iam

149 2045 242 2080 ante
274 2052 369 2081 usus
400 2041 555 2091 fuerat⁷
586 2041 747 2081 λάκτινε

373 2105 492 2158 αὖτις
523 2110 791 2161 ἅπαιτι’ζουσ’
820 2115 900 2150 etc.

152 2185 200 2224 Et
232 2189 377 2225 versat.
437 2184 534 2223 Tum
565 2184 697 2224 statim
731 2184 860 2223 aufert
890 2183 938 2223 ab
972 2184 1066 2236 igne
1097 2183 1178 2223 soci
1208 2182 1348 2222 ollam:

373 2252 483 2306 αἶψα
521 2256 566 2295 δὲ
592 2255 881 2307 κυμαίνουσαν
912 2254 1116 2295 α’παίνυτο
1146 2252 1328 2307 χυτρίδα
1358 2252 1513 2307 κοίλην,

152 2330 467 2379 κυμαίνουσαν,
501 2327 537 2370 h.
571 2339 605 2367 e.
639 2328 678 2366 in
718 2339 794 2378 qua
838 2326 1027 2366 bulliebat
1067 2326 1225 2378 iamque
1264 2326 1491 2366 minabatur
1534 2327 1682 2365 exitum

148 2398 274 2446 ἔτνος.
334 2400 477 2440 Suidas
498 2401 576 2439 ita:
613 2400 840 2449 Κυμαίνει.
876 2395 1090 2450 ταράσσει.
1121 2397 1193 2437 καί
1212 2396 1283 2437 εἠἰ
1309 2397 1384 2437 τοῦ
1417 2398 1537 2447 ζέειν·
1570 2393 1680 2448 αἶψα

149 2470 195 2509 δὲ
225 2474 302 2510 etc.
362 2471 460 2510 Dum
494 2470 586 2522 lego
621 2471 804 2521 χυτρίδα
837 2470 988 2521 κοίλην,
1019 2469 1159 2507 neseio
1188 2480 1266 2520 quo
1288 2470 1409 2509 modo
1439 2470 1477 2508 in
1510 2474 1680 2509 montem

145 2543 256 2582 venit
287 2554 308 2582 e
336 2541 528 2582 Nicandri
563 2540 787 2593 fragmento
818 2539 949 2591 paullo
978 2543 1070 2578 ante
1093 2538 1198 2578 laud.
1229 2541 1486 2593 περιχανδέα
1504 2537 1678 2593 χύτρον.

142 2612 207 2652 vel
235 2611 410 2664 χύτραν.

259 2684 368 2723 Haec
396 2684 556 2723 multum
588 2682 878 2735 probabilitatis
911 2681 1072 2732 habent,
1101 2681 1195 2722 mihi
1225 2682 1404 2734 quIdem3
1436 2686 1473 2721 et
1503 2681 1675 2720 fortasse

146 2754 350 2794 habebunt
381 2754 479 2793 aliis.
541 2755 614 2793 Pro
661 2755 782 2793 certis
826 2765 907 2792 non
951 2753 1141 2803 vendito,
1181 2755 1417 2805 praesertim
1462 2766 1576 2805 quum
1625 2753 1675 2792 de

91 2816 99 2821 “
147 2826 288 2876 tribus,
319 2835 420 2876 quae
450 2836 536 2864 eam
566 2826 604 2865 in
636 2837 721 2864 rem
755 2812 1055 2875 coniunximus,¹
1084 2824 1317 2877 fragmentis
1346 2824 1490 2864 nullum
1522 2824 1674 2864 diserto
