1856 3126
672 659 1114 710 CALLIMACHI

536 788 619 841 ΙΙ
677 788 740 842 Ε
804 788 858 842 G
919 787 988 841 A
1049 785 1112 840 L
1172 784 1264 841 E.

883 1007 914 1048 Ι.

247 1092 497 1141 Prooemium
528 1099 729 1152 quoddam
754 1099 1037 1140 Callimachum
1067 1109 1165 1139 suae
1188 1097 1237 1138 de
1261 1097 1408 1138 Hecale
1437 1098 1658 1138 narrationi

134 1173 417 1225 praeposuisse
450 1172 569 1212 facile
614 1172 743 1224 quivis
786 1183 838 1211 ex
872 1182 948 1212 usu
980 1174 1188 1223 poetarum
1228 1169 1429 1209 coniiciet.
1493 1168 1540 1209 Id
1577 1179 1658 1222 ego

135 1245 382 1296 prooemium
415 1256 466 1284 cx
494 1255 646 1298 genere
674 1244 755 1284 τῶν
783 1243 1007 1283 δικανικῶν
1035 1243 1291 1295 προοιμίων,
1323 1254 1426 1294 quae
1455 1241 1662 1283 Aristote-

135 1317 194 1357 les
227 1317 348 1367 dicit,
387 1317 478 1365 vel,
519 1317 627 1370 quod
661 1316 783 1369 vulgo
827 1316 997 1368 dicitur,
1039 1314 1249 1367 prologum
1290 1313 1492 1365 galeatum
1534 1312 1660 1354 fuisse

136 1389 295 1429 indiciis
326 1388 587 1442 quibusdam,
619 1399 703 1428 non
745 1387 820 1427 illis
857 1387 905 1427 ab
943 1387 1050 1427 omni
1087 1390 1200 1439 parte
1229 1386 1374 1437 certis,
1416 1383 1490 1425 sed
1528 1388 1662 1424 tamen

137 1461 320 1513 indiciis,
354 1461 493 1501 credo.
555 1461 725 1501 Primum
764 1471 882 1512 quum
927 1457 1194 1498 Callimachus
1241 1458 1359 1497 etiam
1398 1455 1478 1496 hoc
1521 1456 1660 1509 egisse

138 1532 286 1572 Hecale
319 1532 534 1573 scribenda
563 1532 759 1584 videatur,
789 1536 832 1572 ut
864 1531 1120 1571 adversarios
1147 1541 1267 1581 suos,
1301 1529 1368 1582 qui
1402 1528 1530 1581 ipsum
1563 1539 1662 1569 car-

139 1604 234 1643 mini
263 1604 418 1654 maiori,
451 1605 658 1655 continuo,
686 1605 766 1654 uni,
797 1604 930 1656 epico,
957 1602 1173 1643 scribendo
1202 1603 1391 1657 imparem
1410 1612 1502 1641 esse
1529 1601 1662 1653 signi-

137 1678 342 1728 ficassent,
372 1677 586 1727 refelleret,
616 1689 692 1730 qua
721 1676 771 1716 de
799 1688 844 1717 re
876 1677 916 1716 in
946 1676 1248 1729 Prolegomenis
1279 1675 1330 1715 ad
1359 1674 1536 1715 Hecalen
1564 1685 1660 1726 pag.

140 1749 179 1790 6.
204 1749 242 1789 7.
275 1750 314 1789 8.
337 1750 373 1789 9.
390 1750 629 1801 ,expositum
661 1753 739 1799 est,
772 1760 859 1789 eam
881 1749 1199 1789 criminationem
1217 1746 1438 1800 attingendi
1456 1746 1661 1799 aptissima

140 1820 305 1861 occasio
337 1825 424 1860 erat
450 1822 490 1860 in
519 1820 687 1862 exordio
730 1821 816 1860 eius
849 1821 1060 1872 carminis,
1096 1832 1173 1874 quo
1206 1818 1468 1860 Callimachus
1500 1829 1546 1859 se
1575 1818 1662 1858 cri-

140 1893 400 1932 minationem
451 1892 556 1932 illam
600 1892 890 1943 refutaturum,
936 1892 1145 1945 praeclaro
1194 1892 1404 1944 exemplo,
1457 1889 1660 1943 sperabat.

138 1963 298 2006 Deinde
330 1965 433 2003 inter
459 1964 698 2017 Fragmenta
731 1964 929 2015 Hecales,
959 1975 1008 2004 ea
1043 1963 1133 2004 dico
1172 1976 1273 2016 quae
1302 1963 1439 2004 addito
1473 1961 1664 2003 carminis

140 2037 304 2076 nomine
334 2035 551 2076 afferuntur
582 2037 630 2075 ab
666 2037 836 2089 antiquis
866 2036 1127 2089 scriptoribus
1155 2040 1194 2076 et
1230 2035 1525 2089 grammaticis,
1553 2043 1663 2073 non-

139 2107 244 2148 nulla
285 2111 400 2158 sunt,
435 2107 575 2158 quibus
612 2107 759 2148 nullum
788 2108 982 2161 aptiorem
1020 2108 1152 2148 locum
1192 2119 1308 2159 quam
1341 2108 1381 2147 in
1410 2107 1514 2157 hoc,
1543 2117 1660 2158 quem

144 2191 223 2233 ego
252 2185 385 2220 mente
415 2180 606 2231 concepi,
635 2180 830 2234 prologO,
859 2181 1064 2234 excogito.
1123 2180 1209 2228 Qua
1239 2179 1280 2219 in
1317 2190 1362 2219 re
1391 2189 1473 2219 non
1511 2187 1661 2228 moror,

145 2251 180 2290 si
214 2251 281 2302 qui
310 2250 430 2290 futuri
459 2251 560 2301 sint,
593 2253 658 2304 qui
689 2252 823 2292 dicant
849 2252 945 2305 fingi
985 2264 1008 2293 a
1039 2263 1103 2291 me
1131 2251 1368 2304 prologum,
1393 2254 1435 2289 ut
1476 2248 1663 2298 habeam,

147 2333 225 2374 quo
270 2321 363 2363 loco
409 2322 628 2374 collocem,
675 2325 817 2376 quibus
864 2325 983 2365 alium
1027 2324 1159 2364 locum
1202 2323 1384 2364 invenire
1425 2320 1663 2373 nequierim.

146 2394 274 2446 Iniqui
306 2394 376 2443 illi,
406 2395 440 2434 si
472 2394 565 2446 quid
595 2394 728 2446 video,
758 2406 890 2446 neque
919 2394 1015 2435 satis
1045 2393 1193 2444 edocti,
1223 2403 1321 2444 quas
1344 2391 1457 2444 leges
1478 2395 1518 2430 et
1546 2401 1664 2443 quam

148 2464 370 2506 libertatem
401 2466 528 2506 critici
559 2477 700 2505 munus
732 2465 906 2516 habeat,
942 2467 1005 2506 cui
1044 2465 1234 2517 colligere
1263 2463 1442 2503 membra
1470 2459 1664 2502 destructi

149 2548 197 2576 ac
227 2536 421 2588 deperditi
455 2537 586 2589 operis
627 2536 836 2589 dispersa,
869 2536 1216 2587 membrorumque
1257 2534 1506 2586 fragmenta,
1547 2535 1665 2582 atque

147 2608 291 2647 iterum
319 2619 576 2660 componere,
604 2614 645 2649 et
672 2609 713 2648 in
741 2620 861 2648 unum
893 2608 1005 2660 quasi
1036 2619 1195 2660 corpus,
1221 2606 1405 2659 pristino,
1434 2604 1540 2658 quod
1571 2603 1664 2644 olim

149 2679 288 2729 suerit,
321 2691 436 2731 quam
467 2680 727 2731 simillimum,
752 2680 941 2733 redigere
971 2680 1216 2731 propositum
1248 2677 1310 2717 sit.
1377 2675 1493 2724 Quod
1524 2685 1663 2714 munus

146 2761 263 2802 quum
298 2750 382 2789 sere
413 2755 537 2790 totum
568 2752 606 2790 in
634 2753 717 2791 veri
749 2750 1004 2792 similitudine
1028 2752 1199 2800 constet,
1228 2759 1357 2800 neque
1376 2745 1566 2800 postulari
1585 2744 1663 2784 hoc

134 2834 273 2877 neque
316 2822 543 2874 exspectari
588 2826 746 2875 potest,
788 2827 827 2862 ut
874 2820 1060 2875 quicquid
1109 2823 1292 2872 superest
1335 2817 1663 2872 fragmentorum,
