1856 3126
763 115 1038 153 ...52—

132 234 175 272 in
206 237 356 272 textum
388 231 562 282 recepit,
591 231 900 271 emendationes.
959 231 1114 271 Deindv
1142 242 1223 270 non
1258 229 1493 282 repugnabo
1530 229 1661 269 vehe-

129 309 296 354 menter,
327 305 362 343 si
396 304 457 342 cui
490 305 628 344 εἵνεκα
663 303 813 343 inferre
844 302 999 355 placeat
1030 307 1193 354 propter
1223 301 1527 342 Constantinum
1557 301 1662 341 Las-

127 378 258 425 carin,
285 376 365 414 sic:
406 371 465 427 μή
508 389 562 426 με
606 373 675 415 τὸν
710 376 754 416 ἐν
783 375 964 416 Amasin
1009 375 1251 426 λελεγμένον
1287 375 1467 414 εἵνεκα
1496 371 1660 426 χαλκόν

124 443 300 500 ἤγειρον.
361 447 513 488 εἵνεκεν
550 447 698 487 rariori
731 451 770 486 et
802 446 1070 486 Callimacheo
1102 457 1176 485 usu
1222 456 1297 494 eo,
1325 457 1442 496 quem
1486 445 1659 485 vidimus

124 519 163 557 in
202 519 355 558 εἵνεκεν
393 518 476 569 οὐχ
515 518 558 557 ἓν
600 511 783 569 ἄεισμα,
831 523 869 558 et
913 518 1001 558 οὐδ’
1033 518 1135 556 ἕνεκ’
1175 514 1405 568 Εὐρυνόμη
1449 514 1657 569 Τιτηνιάς.

122 589 217 629 Mihi
247 595 378 629 tamen
414 589 705 629 Choerobosco
736 589 909 629 Bekkeri
938 593 977 628 et
1007 588 1177 627 maxime
1208 586 1412 638 Stephano
1443 586 1653 638 obtempe-

123 674 214 702 rare
243 663 367 702 satius
400 662 484 701 suit.
543 662 688 702 Sedem
718 662 924 713 quaerenti
958 662 1010 700 ita
1048 660 1269 699 constituto
1303 663 1421 710 atque
1454 658 1656 710 explicato

124 733 362 786 Fragmento
407 733 566 773 CCCVI.
613 735 862 786 prooemium
905 733 1075 774 Hecales
1117 743 1198 772 non
1240 736 1368 783 aptum
1410 733 1539 771 visum
1583 736 1657 780 est,

122 807 229 860 quod
261 807 354 847 illud
392 808 614 859 reciperet3
658 806 787 858 magis
819 809 906 856 apta
938 803 1022 843 Ibis
1053 803 1275 853 videbitur,
1307 804 1375 843 ubi
1408 805 1447 843 in
1485 804 1658 855 Apollo-

122 879 248 928 nium,
286 883 325 918 et
358 880 396 918 in
438 878 687 918 fastidiosam
721 878 1085 929 Argonautieorum
1120 877 1307 915 carminis
1348 875 1655 928 longitudinem,

122 951 209 990 sive
238 951 527 1004 garrulitatem,
560 950 719 999 dictum,
750 949 854 988 illam
887 949 1090 1001 propriam
1121 947 1221 988 lbidi
1254 946 1481 1000 ἀσάφειαν,
1512 952 1551 987 et
1584 947 1656 988 αἰ-

120 1024 382 1074 νιγματῶδες
412 1023 504 1062 illud
536 1022 714 1069 habebit,
749 1020 798 1059 de
831 1031 908 1071 quo
942 1021 980 1058 in
1002 1031 1072 1059 sua
1095 1019 1208 1058 Ibide
1232 1019 1399 1058 Ovidius
1421 1031 1456 1057 ν.
1479 1020 1544 1059 51.
1566 1031 1652 1072 sqq.

118 1090 180 1130 his
211 1092 383 1130 maxime
414 1091 573 1129 verbis:
607 1090 789 1129 historiis
821 1091 1027 1129 involvam
1060 1091 1244 1129 carmina
1273 1089 1421 1137 caecis,
1450 1089 1654 1141 ambages,

119 1162 368 1213 aliquantum
401 1162 543 1212 noctis,
578 1167 656 1202 tum
687 1162 832 1203 Suidas
860 1176 896 1203 ν.
931 1163 1230 1214 Καλλίμαχος,
1264 1162 1435 1213 denique
1468 1161 1655 1202 Clemens

117 1238 216 1273 noto
246 1233 364 1281 loc0,
397 1235 465 1273 ubi
496 1246 583 1273 cum
614 1233 844 1273 Alexandra
876 1233 1153 1285 Lycophronis
1189 1232 1275 1272 Ibin
1316 1233 1488 1274 sortasse
1529 1238 1655 1283 recte,

118 1308 236 1347 Aetia
266 1318 347 1346 non
382 1310 493 1345 recte
525 1311 746 1357 comparat,
780 1311 987 1346 testantur.
1049 1307 1160 1353 Quae
1194 1305 1420 1346 obscuritas
1447 1308 1579 1346 statim
1615 1307 1655 1346 in

119 1390 169 1419 eo
203 1378 457 1426 cernebatur,
485 1377 593 1429 quod
621 1389 814 1428 nusquam
845 1389 992 1417 nomen
1025 1389 1260 1429 expressum
1291 1378 1513 1417 adversarii
1546 1382 1656 1417 erat:

119 1463 155 1489 v.
189 1450 305 1490 Ovid.
339 1450 363 1488 l.
396 1449 420 1488 l.
460 1454 498 1488 et
530 1450 596 1488 93.
632 1461 718 1501 sqq.
753 1454 791 1488 et
823 1450 999 1488 carmine
1031 1454 1223 1488 extremo.
1292 1449 1341 1488 Et
1379 1450 1439 1488 sic
1471 1449 1655 1501 peculia-

117 1534 201 1562 rem
233 1521 473 1574 elegantiam
505 1520 670 1559 habebit
700 1515 883 1573 ἧγειροκ
917 1520 1173 1560 excitaverat
1198 1521 1464 1562 Callimachus
1484 1521 1657 1575 Apollo-

119 1596 224 1634 nium
244 1625 254 1643 ,
287 1595 480 1645 magister
515 1592 763 1644 discipulum.

232 1666 321 1706 Non
354 1665 525 1705 alienum
568 1665 616 1704 ab
655 1666 717 1706 illa
752 1665 909 1705 modica
944 1665 1102 1716 quidem
1145 1665 1367 1716 gravitate,
1408 1664 1480 1704 sed
1522 1669 1655 1706 tamen

114 1739 313 1790 gravitate
345 1738 459 1788 epica
489 1736 674 1784 Hecales,
708 1747 824 1786 quam
855 1736 894 1774 in
923 1735 1226 1788 Prolegomenis
1249 1736 1649 1787 circumscripsimus,

115 1810 396 1862 Fragmentum
433 1808 678 1848 CCCCXLII.
709 1808 815 1860 quod
848 1809 912 1859 qui
943 1808 1111 1860 profert,
1144 1813 1257 1847 vetus
1294 1809 1490 1859 interpres
1518 1820 1646 1860 grae-

118 1893 188 1921 cus
220 1881 405 1932 Dionysii
434 1880 670 1932 Perlegetae
702 1880 752 1918 ad
784 1879 991 1918 exordium
1024 1880 1221 1931 Dionysii,
1256 1880 1305 1917 ita
1339 1879 1507 1930 profert,
1539 1884 1582 1919 ut
1610 1881 1650 1920 in

118 1953 234 2005 gravi
266 1952 437 2003 quodam
469 1952 561 1991 loco
595 1957 714 2003 atque
744 1955 997 2003 argumento,
1030 1950 1079 1990 ad
1112 1950 1407 1990 conciliandam
1437 1951 1556 1990 fidem
1586 1952 1652 1999 iis,

118 2037 220 2078 quae
253 2029 483 2064 narraturus
517 2028 603 2063 erat
635 2028 773 2075 poeta,
800 2023 946 2062 dictum
986 2021 1111 2061 fuisse
1147 2021 1342 2061 videatur.
1402 2022 1534 2069 Quare
1567 2033 1651 2061 non

118 2097 221 2137 male
253 2097 290 2135 in
321 2096 400 2135 fine
435 2095 590 2135 exordii
622 2095 791 2134 Hecales
822 2095 920 2133 hacc
953 2095 1098 2143 verba,
1132 2106 1233 2145 quae
1265 2094 1437 2133 fortasse
1468 2106 1555 2134 cum
1583 2094 1652 2132 in-

119 2171 337 2210 vocatione
368 2169 506 2209 Musae
539 2168 751 2207 coniuncta
784 2166 922 2215 fuere,
954 2166 1109 2217 qualem
1143 2165 1280 2204 itidem
1323 2166 1359 2204 in
1391 2165 1468 2204 fine
1494 2163 1652 2204 exordii

118 2241 356 2294 Apollonius
384 2240 411 2279 Ι.
444 2240 508 2278 22.
539 2239 691 2287 inserit,
721 2237 797 2287 vel,
828 2237 934 2289 quod
966 2237 1113 2286 malim,
1145 2237 1378 2288 simpliciter
1406 2236 1654 2287 comproba-

124 2319 203 2353 tam
237 2312 482 2364 antiquitatis
524 2309 753 2349 testimonio
802 2307 973 2347 fabulam
1016 2306 1322 2359 promittebant,
1354 2306 1555 2360 colloces,
1585 2307 1653 2348 ubi

121 2387 328 2426 transitum
360 2381 626 2422 Callimachus
651 2381 699 2420 ad
733 2381 1004 2419 narrationem
1037 2378 1231 2418 faciebat:

854 2448 1097 2503 ἀμάρτυρον
1129 2448 1253 2488 ου’ὀὲν
1284 2448 1430 2489 αἐίδω.

863 2600 909 2640 11.

237 2724 279 2764 ln
312 2725 439 2776 capita
473 2725 590 2766 divisi
623 2724 908 2772 narrationem,
939 2735 1041 2775 quae
1072 2726 1255 2762 versatur
1275 2725 1368 2761 ante
1399 2731 1527 2760 meum
1557 2720 1652 2759 ani·-

126 2809 244 2847 mum‚
273 2794 519 2846 Callimachi,
550 2807 630 2836 non
656 2795 763 2847 quod
794 2795 854 2834 sic
886 2793 1054 2833 divisum
1086 2794 1124 2833 in
1157 2795 1286 2845 capita
1316 2805 1338 2833 a
1366 2796 1487 2844 poeta
1501 2791 1651 2832 Hecale
