<?xml version="1.0" encoding="UTF-8"?>
<!DOCTYPE html PUBLIC "-//W3C//DTD XHTML 1.0 Transitional//EN"
    "http://www.w3.org/TR/xhtml1/DTD/xhtml1-transitional.dtd">
<html xmlns="http://www.w3.org/1999/xhtml" xml:lang="en" lang="en">
 <head>
  <title>
</title>
<meta http-equiv="Content-Type" content="text/html;charset=utf-8" />
  <meta name='ocr-system' content='tesseract 3.04.00' />
  <meta name='ocr-capabilities' content='ocr_page ocr_carea ocr_par ocr_line ocrx_word'/>
</head>
<body>
  <div class='ocr_page' id='page_1' title='image "./opusculaphilolog02naekuoft/opusculaphilolog02naekuoft_0162.png"; bbox 0 0 1856 3126; ppageno 0'>
   <div class='ocr_carea' id='block_1_1' title="bbox 774 103 1077 140">
    <p class='ocr_par' dir='ltr' id='par_1_1' title="bbox 774 103 1077 140">
     <span class='ocr_line' id='line_1_1' title="bbox 774 103 1077 140; baseline 0.003 -1"><span class='ocrx_word' id='word_1_1' title='bbox 774 103 1077 140; x_wconf 80' lang='lat'>—152—</span> 
     </span>
    </p>
   </div>
   <div class='ocr_carea' id='block_1_2' title="bbox 158 219 1710 2874">
    <p class='ocr_par' dir='ltr' id='par_1_2' title="bbox 158 219 1710 2511">
     <span class='ocr_line' id='line_1_2' title="bbox 161 219 1698 273; baseline 0.001 -13"><span class='ocrx_word' id='word_1_2' title='bbox 161 219 407 272; x_wconf 77' lang='lat' dir='ltr'><strong>simplicitas,</strong></span> <span class='ocrx_word' id='word_1_3' title='bbox 435 231 487 259; x_wconf 85' lang='lat' dir='ltr'><strong>ne</strong></span> <span class='ocrx_word' id='word_1_4' title='bbox 516 219 775 260; x_wconf 69' lang='lat' dir='ltr'>humilitatem</span> <span class='ocrx_word' id='word_1_5' title='bbox 811 221 957 269; x_wconf 85' lang='lat' dir='ltr'><strong>dicam,</strong></span> <span class='ocrx_word' id='word_1_6' title='bbox 984 232 1062 272; x_wconf 84' lang='lat' dir='ltr'><strong>per</strong></span> <span class='ocrx_word' id='word_1_7' title='bbox 1089 233 1207 261; x_wconf 84' lang='lat' dir='ltr'><strong>suam</strong></span> <span class='ocrx_word' id='word_1_8' title='bbox 1235 225 1374 273; x_wconf 84' lang='lat' dir='ltr'><strong>cutem,</strong></span> <span class='ocrx_word' id='word_1_9' title='bbox 1401 233 1480 272; x_wconf 79' lang='lat' dir='ltr'><strong>per</strong></span> <span class='ocrx_word' id='word_1_10' title='bbox 1500 220 1698 261; x_wconf 82' lang='lat' dir='ltr'><strong>baculum.</strong></span> 
     </span>
     <span class='ocr_line' id='line_1_3' title="bbox 160 291 1700 347; baseline 0.001 -17"><span class='ocrx_word' id='word_1_11' title='bbox 160 291 203 330; x_wconf 92' lang='lat' dir='ltr'><strong>ln</strong></span> <span class='ocrx_word' id='word_1_12' title='bbox 235 303 311 342; x_wconf 88' lang='lat' dir='ltr'><strong>qua</strong></span> <span class='ocrx_word' id='word_1_13' title='bbox 342 295 462 343; x_wconf 87' lang='lat' dir='ltr'><strong>poeta</strong></span> <span class='ocrx_word' id='word_1_14' title='bbox 493 291 599 331; x_wconf 91' lang='lat' dir='ltr'><strong>haud</strong></span> <span class='ocrx_word' id='word_1_15' title='bbox 631 292 750 333; x_wconf 86' lang='lat' dir='ltr'><strong>dubie</strong></span> <span class='ocrx_word' id='word_1_16' title='bbox 787 293 932 345; x_wconf 86' lang='lat' dir='ltr'><strong>aliquid</strong></span> <span class='ocrx_word' id='word_1_17' title='bbox 961 293 1138 333; x_wconf 86' lang='lat' dir='ltr'><strong>Hecalae</strong></span> <span class='ocrx_word' id='word_1_18' title='bbox 1166 294 1368 347; x_wconf 91' lang='lat' dir='ltr'><strong>proprium</strong></span> <span class='ocrx_word' id='word_1_19' title='bbox 1400 295 1536 333; x_wconf 86' lang='lat' dir='ltr'><strong>inesse</strong></span> <span class='ocrx_word' id='word_1_20' title='bbox 1563 292 1700 332; x_wconf 88' lang='lat' dir='ltr'><strong>voluit.</strong></span> 
     </span>
     <span class='ocr_line' id='line_1_4' title="bbox 158 362 1704 418; baseline 0.001 -16"><span class='ocrx_word' id='word_1_21' title='bbox 158 363 313 416; x_wconf 87' lang='lat' dir='ltr'><strong>Vulgo,</strong></span> <span class='ocrx_word' id='word_1_22' title='bbox 345 367 388 403; x_wconf 83' lang='lat' dir='ltr'><strong>ut</strong></span> <span class='ocrx_word' id='word_1_23' title='bbox 415 362 492 402; x_wconf 86' lang='lat' dir='ltr'><strong>sert</strong></span> <span class='ocrx_word' id='word_1_24' title='bbox 519 367 660 403; x_wconf 89' lang='lat' dir='ltr'><strong>natura</strong></span> <span class='ocrx_word' id='word_1_25' title='bbox 689 365 777 413; x_wconf 90' lang='lat' dir='ltr'><strong>rei,</strong></span> <span class='ocrx_word' id='word_1_26' title='bbox 805 376 878 416; x_wconf 88' lang='lat' dir='ltr'><strong>per</strong></span> <span class='ocrx_word' id='word_1_27' title='bbox 911 377 1027 404; x_wconf 86' lang='lat' dir='ltr'><strong>sacra</strong></span> <span class='ocrx_word' id='word_1_28' title='bbox 1060 364 1269 405; x_wconf 83' lang='lat' dir='ltr'><strong>iurabant:</strong></span> <span class='ocrx_word' id='word_1_29' title='bbox 1301 377 1379 418; x_wconf 91' lang='lat' dir='ltr'><strong>quo</strong></span> <span class='ocrx_word' id='word_1_30' title='bbox 1419 366 1537 404; x_wconf 90' lang='lat' dir='ltr'><strong>etiam</strong></span> <span class='ocrx_word' id='word_1_31' title='bbox 1573 363 1704 416; x_wconf 88' lang='lat' dir='ltr'><strong>perti-</strong></span> 
     </span>
     <span class='ocr_line' id='line_1_5' title="bbox 163 428 1700 490; baseline 0.001 -17"><span class='ocrx_word' id='word_1_32' title='bbox 163 440 246 484; x_wconf 86' lang='lat' dir='ltr'><strong>net,</strong></span> <span class='ocrx_word' id='word_1_33' title='bbox 276 428 392 487; x_wconf 85' lang='lat' dir='ltr'><strong>quam</strong></span> <span class='ocrx_word' id='word_1_34' title='bbox 424 446 497 487; x_wconf 91' lang='lat' dir='ltr'><strong>per</strong></span> <span class='ocrx_word' id='word_1_35' title='bbox 526 446 638 474; x_wconf 90' lang='lat' dir='ltr'><strong>suum</strong></span> <span class='ocrx_word' id='word_1_36' title='bbox 667 435 892 487; x_wconf 86' lang='lat' dir='ltr'><strong>sepulcrum</strong></span> <span class='ocrx_word' id='word_1_37' title='bbox 923 441 1099 476; x_wconf 90' lang='lat' dir='ltr'><strong>mortua:</strong></span> <span class='ocrx_word' id='word_1_38' title='bbox 1132 437 1362 478; x_wconf 89' lang='lat' dir='ltr'><strong>Dioscorid.</strong></span> <span class='ocrx_word' id='word_1_39' title='bbox 1393 437 1528 490; x_wconf 87' lang='lat' dir='ltr'><strong>Epigr.</strong></span> <span class='ocrx_word' id='word_1_40' title='bbox 1559 435 1700 476; x_wconf 84' lang='lat' dir='ltr'><strong>XXVI.</strong></span> 
     </span>
     <span class='ocr_line' id='line_1_6' title="bbox 164 508 1704 562; baseline 0.001 -16"><span class='ocrx_word' id='word_1_41' title='bbox 164 509 201 547; x_wconf 84' lang='lat'><strong>5.</strong></span> <span class='ocrx_word' id='word_1_42' title='bbox 259 508 343 547; x_wconf 92' lang='lat' dir='ltr'><strong>Aut.</strong></span> <span class='ocrx_word' id='word_1_43' title='bbox 372 520 445 559; x_wconf 87' lang='lat' dir='ltr'><strong>per</strong></span> <span class='ocrx_word' id='word_1_44' title='bbox 473 519 540 546; x_wconf 87' lang='lat' dir='ltr'><strong>res</strong></span> <span class='ocrx_word' id='word_1_45' title='bbox 566 519 747 560; x_wconf 89' lang='lat' dir='ltr'><strong>magnas,</strong></span> <span class='ocrx_word' id='word_1_46' title='bbox 780 512 821 547; x_wconf 88' lang='lat' dir='ltr'><strong>ut</strong></span> <span class='ocrx_word' id='word_1_47' title='bbox 849 508 1028 548; x_wconf 91' lang='lat' dir='ltr'><strong>Achilles</strong></span> <span class='ocrx_word' id='word_1_48' title='bbox 1059 521 1132 561; x_wconf 90' lang='lat' dir='ltr'><strong>per</strong></span> <span class='ocrx_word' id='word_1_49' title='bbox 1159 516 1383 562; x_wconf 73' lang='lat' dir='ltr'><strong>sceptrum,</strong></span> <span class='ocrx_word' id='word_1_50' title='bbox 1417 510 1481 549; x_wconf 88' lang='lat' dir='ltr'><strong>alii</strong></span> <span class='ocrx_word' id='word_1_51' title='bbox 1523 520 1595 560; x_wconf 87' lang='lat' dir='ltr'><strong>per</strong></span> <span class='ocrx_word' id='word_1_52' title='bbox 1626 508 1704 547; x_wconf 88' lang='lat' dir='ltr'><strong>ha-</strong></span> 
     </span>
     <span class='ocr_line' id='line_1_7' title="bbox 164 578 1704 632; baseline 0.001 -14"><span class='ocrx_word' id='word_1_53' title='bbox 164 581 294 627; x_wconf 84' lang='lat' dir='ltr'><strong>stam;</strong></span> <span class='ocrx_word' id='word_1_54' title='bbox 325 589 398 630; x_wconf 88' lang='lat' dir='ltr'><strong>per</strong></span> <span class='ocrx_word' id='word_1_55' title='bbox 428 583 546 630; x_wconf 86' lang='lat' dir='ltr'><strong>caput</strong></span> <span class='ocrx_word' id='word_1_56' title='bbox 578 578 785 618; x_wconf 78' lang='lat' dir='ltr'><strong>oculosve.</strong></span> <span class='ocrx_word' id='word_1_57' title='bbox 844 579 887 619; x_wconf 92' lang='lat' dir='ltr'><strong>In</strong></span> <span class='ocrx_word' id='word_1_58' title='bbox 927 579 1075 632; x_wconf 72' lang='lat' dir='ltr'><strong>hymno</strong></span> <span class='ocrx_word' id='word_1_59' title='bbox 1121 581 1308 621; x_wconf 81' lang='lat' dir='ltr'><strong>Mercurii</strong></span> <span class='ocrx_word' id='word_1_60' title='bbox 1352 582 1568 621; x_wconf 85' lang='lat' dir='ltr'><strong>Homerico</strong></span> <span class='ocrx_word' id='word_1_61' title='bbox 1608 579 1704 620; x_wconf 79' lang='lat'><strong>460.</strong></span> 
     </span>
     <span class='ocr_line' id='line_1_8' title="bbox 160 644 1705 704; baseline -0.001 -13"><span class='ocrx_word' id='word_1_62' title='bbox 160 650 331 704; x_wconf 88' lang='lat' dir='ltr'>Apollo:</span> <span class='ocrx_word' id='word_1_63' title='bbox 366 648 437 690; x_wconf 84' lang='grc' dir='ltr'><em>ναί</em></span> <span class='ocrx_word' id='word_1_64' title='bbox 463 649 524 699; x_wconf 79' lang='grc' dir='ltr'><strong>μά</strong></span> <span class='ocrx_word' id='word_1_65' title='bbox 555 648 650 690; x_wconf 79' lang='grc' dir='ltr'><em>τόδε</em></span> <span class='ocrx_word' id='word_1_66' title='bbox 681 654 897 702; x_wconf 74' lang='grc' dir='ltr'>κρανέϊνον</span> <span class='ocrx_word' id='word_1_67' title='bbox 929 650 1132 693; x_wconf 75' lang='grc' dir='ltr'>ἀκόντιον.</span> <span class='ocrx_word' id='word_1_68' title='bbox 1204 654 1256 694; x_wconf 87' lang='lat' dir='ltr'><strong>At</strong></span> <span class='ocrx_word' id='word_1_69' title='bbox 1290 665 1370 704; x_wconf 82' lang='lat' dir='ltr'><strong>per</strong></span> <span class='ocrx_word' id='word_1_70' title='bbox 1410 666 1527 693; x_wconf 79' lang='lat' dir='ltr'><strong>suam</strong></span> <span class='ocrx_word' id='word_1_71' title='bbox 1563 644 1705 700; x_wconf 71' lang='lat' dir='ltr'><strong>cutem,</strong></span> 
     </span>
     <span class='ocr_line' id='line_1_9' title="bbox 163 721 1706 778; baseline 0.001 -16"><span class='ocrx_word' id='word_1_72' title='bbox 163 722 250 762; x_wconf 89' lang='lat' dir='ltr'><strong>sere</strong></span> <span class='ocrx_word' id='word_1_73' title='bbox 281 721 450 761; x_wconf 81' lang='lat' dir='ltr'><strong>ridicule</strong></span> <span class='ocrx_word' id='word_1_74' title='bbox 478 726 608 762; x_wconf 88' lang='lat' dir='ltr'><strong>sonat.</strong></span> <span class='ocrx_word' id='word_1_75' title='bbox 679 723 757 763; x_wconf 87' lang='lat' dir='ltr'><strong>Sed</strong></span> <span class='ocrx_word' id='word_1_76' title='bbox 801 724 854 763; x_wconf 88' lang='lat' dir='ltr'><strong>ita</strong></span> <span class='ocrx_word' id='word_1_77' title='bbox 897 725 1110 776; x_wconf 90' lang='lat' dir='ltr'><strong>consulto,</strong></span> <span class='ocrx_word' id='word_1_78' title='bbox 1146 729 1188 765; x_wconf 87' lang='lat' dir='ltr'><strong>ut</strong></span> <span class='ocrx_word' id='word_1_79' title='bbox 1237 726 1332 765; x_wconf 87' lang='lat' dir='ltr'><strong>dixi.</strong></span> <span class='ocrx_word' id='word_1_80' title='bbox 1404 726 1493 766; x_wconf 89' lang='lat' dir='ltr'><strong>Non</strong></span> <span class='ocrx_word' id='word_1_81' title='bbox 1539 735 1706 778; x_wconf 84' lang='lat' dir='ltr'><strong>prorsus</strong></span> 
     </span>
     <span class='ocr_line' id='line_1_10' title="bbox 163 794 1707 848; baseline 0.003 -15"><span class='ocrx_word' id='word_1_82' title='bbox 163 794 368 834; x_wconf 89' lang='lat' dir='ltr'><strong>dissimilis</strong></span> <span class='ocrx_word' id='word_1_83' title='bbox 400 794 633 846; x_wconf 80' lang='lat' dir='ltr'><strong>simplicitas</strong></span> <span class='ocrx_word' id='word_1_84' title='bbox 662 795 807 847; x_wconf 77' lang='lat' dir='ltr'><strong>Hymni</strong></span> <span class='ocrx_word' id='word_1_85' title='bbox 853 796 956 848; x_wconf 89' lang='lat' dir='ltr'><strong>apud</strong></span> <span class='ocrx_word' id='word_1_86' title='bbox 987 797 1170 837; x_wconf 90' lang='lat' dir='ltr'><strong>Nonnum</strong></span> <span class='ocrx_word' id='word_1_87' title='bbox 1201 799 1253 837; x_wconf 90' lang='lat' dir='ltr'><strong>ita</strong></span> <span class='ocrx_word' id='word_1_88' title='bbox 1290 799 1483 837; x_wconf 88' lang='lat' dir='ltr'><strong>iurantis:</strong></span> <span class='ocrx_word' id='word_1_89' title='bbox 1524 798 1598 837; x_wconf 84' lang='grc' dir='ltr'><em>ναί</em></span> <span class='ocrx_word' id='word_1_90' title='bbox 1626 798 1707 837; x_wconf 75' lang='grc' dir='ltr'><strong>δα-</strong></span> 
     </span>
     <span class='ocr_line' id='line_1_11' title="bbox 160 864 1706 921; baseline 0.001 -14"><span class='ocrx_word' id='word_1_91' title='bbox 160 864 305 919; x_wconf 75' lang='grc' dir='ltr'><em>μάλη,</em></span> <span class='ocrx_word' id='word_1_92' title='bbox 335 865 406 906; x_wconf 73' lang='lat' dir='ltr'><strong>mi</strong></span> <span class='ocrx_word' id='word_1_93' title='bbox 434 866 591 919; x_wconf 78' lang='grc' dir='ltr'><em>μόσχε,</em></span> <span class='ocrx_word' id='word_1_94' title='bbox 624 867 707 908; x_wconf 88' lang='lat' dir='ltr'><strong>XV.</strong></span> <span class='ocrx_word' id='word_1_95' title='bbox 743 867 836 908; x_wconf 87' lang='grc'><strong>262.</strong></span> <span class='ocrx_word' id='word_1_96' title='bbox 872 869 1095 921; x_wconf 82' lang='lat' dir='ltr'><strong>iterumque</strong></span> <span class='ocrx_word' id='word_1_97' title='bbox 1131 870 1222 911; x_wconf 90' lang='grc'><strong>271.</strong></span> <span class='ocrx_word' id='word_1_98' title='bbox 1282 871 1331 910; x_wconf 86' lang='lat' dir='ltr'><strong>Ut</strong></span> <span class='ocrx_word' id='word_1_99' title='bbox 1363 875 1519 910; x_wconf 89' lang='lat' dir='ltr'><strong>taceam</strong></span> <span class='ocrx_word' id='word_1_100' title='bbox 1545 867 1706 911; x_wconf 78' lang='lat' dir='ltr'><strong>‘Pada-</strong></span> 
     </span>
     <span class='ocr_line' id='line_1_12' title="bbox 163 934 1708 994; baseline 0 -15"><span class='ocrx_word' id='word_1_101' title='bbox 163 937 357 990; x_wconf 78' lang='grc' dir='ltr'><strong>μάνθυος</strong></span> <span class='ocrx_word' id='word_1_102' title='bbox 388 934 530 991; x_wconf 74' lang='grc' dir='ltr'>ὅρκον,</span> <span class='ocrx_word' id='word_1_103' title='bbox 560 939 790 992; x_wconf 86' lang='lat' dir='ltr'><strong>Lamponis,</strong></span> <span class='ocrx_word' id='word_1_104' title='bbox 824 941 1034 981; x_wconf 88' lang='lat' dir='ltr'><strong>Socratica</strong></span> <span class='ocrx_word' id='word_1_105' title='bbox 1067 941 1158 992; x_wconf 87' lang='lat' dir='ltr'><strong>illa,</strong></span> <span class='ocrx_word' id='word_1_106' title='bbox 1191 947 1231 981; x_wconf 86' lang='lat' dir='ltr'><strong>et</strong></span> <span class='ocrx_word' id='word_1_107' title='bbox 1261 954 1363 994; x_wconf 89' lang='lat' dir='ltr'><strong>quae</strong></span> <span class='ocrx_word' id='word_1_108' title='bbox 1397 943 1527 982; x_wconf 87' lang='lat' dir='ltr'><strong>statim</strong></span> <span class='ocrx_word' id='word_1_109' title='bbox 1559 952 1708 993; x_wconf 90' lang='lat' dir='ltr'><strong>suppe-</strong></span> 
     </span>
     <span class='ocr_line' id='line_1_13' title="bbox 166 1010 1706 1067; baseline 0.001 -16"><span class='ocrx_word' id='word_1_110' title='bbox 166 1012 263 1051; x_wconf 79' lang='lat' dir='ltr'><strong>ditat</strong></span> <span class='ocrx_word' id='word_1_111' title='bbox 294 1012 464 1052; x_wconf 82' lang='lat' dir='ltr'><strong>Suidas:</strong></span> <span class='ocrx_word' id='word_1_112' title='bbox 494 1010 566 1051; x_wconf 59' lang='lat' dir='ltr'><strong>{ni</strong></span> <span class='ocrx_word' id='word_1_113' title='bbox 589 1014 822 1067; x_wconf 72' lang='grc' dir='ltr'><strong>χλευασμῷ</strong></span> <span class='ocrx_word' id='word_1_114' title='bbox 854 1013 1017 1061; x_wconf 83' lang='lat' dir='ltr'><strong>dictum,</strong></span> <span class='ocrx_word' id='word_1_115' title='bbox 1052 1013 1123 1054; x_wconf 75' lang='lat' dir='ltr'><strong>rai</strong></span> <span class='ocrx_word' id='word_1_116' title='bbox 1153 1012 1222 1053; x_wconf 78' lang='grc' dir='ltr'><strong>ναὶ</strong></span> <span class='ocrx_word' id='word_1_117' title='bbox 1251 1012 1310 1064; x_wconf 80' lang='grc' dir='ltr'><strong>μοὶ</strong></span> <span class='ocrx_word' id='word_1_118' title='bbox 1344 1011 1537 1065; x_wconf 72' lang='grc' dir='ltr'><strong>μήκωνος</strong></span> <span class='ocrx_word' id='word_1_119' title='bbox 1559 1011 1706 1066; x_wconf 79' lang='grc' dir='ltr'><strong>χλόην,</strong></span> 
     </span>
     <span class='ocr_line' id='line_1_14' title="bbox 165 1082 1707 1137; baseline 0.001 -14"><span class='ocrx_word' id='word_1_120' title='bbox 165 1097 238 1136; x_wconf 89' lang='lat' dir='ltr'><strong>per</strong></span> <span class='ocrx_word' id='word_1_121' title='bbox 272 1085 446 1134; x_wconf 83' lang='lat' dir='ltr'><strong>ianuam,</strong></span> <span class='ocrx_word' id='word_1_122' title='bbox 484 1096 535 1123; x_wconf 85' lang='lat' dir='ltr'><strong>ex</strong></span> <span class='ocrx_word' id='word_1_123' title='bbox 568 1084 812 1134; x_wconf 83' lang='lat' dir='ltr'><strong>Menandr03</strong></span> <span class='ocrx_word' id='word_1_124' title='bbox 845 1089 883 1124; x_wconf 88' lang='lat' dir='ltr'><strong>et</strong></span> <span class='ocrx_word' id='word_1_125' title='bbox 912 1085 1208 1137; x_wconf 88' lang='lat' dir='ltr'><strong>Aristophanea</strong></span> <span class='ocrx_word' id='word_1_126' title='bbox 1237 1082 1424 1125; x_wconf 72' lang='lat' dir='ltr'><strong>Av.194.</strong></span> <span class='ocrx_word' id='word_1_127' title='bbox 1448 1083 1707 1125; x_wconf 82' lang='lat'><strong>1335.1611.</strong></span> 
     </span>
     <span class='ocr_line' id='line_1_15' title="bbox 165 1156 1704 1213; baseline 0.001 -19"><span class='ocrx_word' id='word_1_128' title='bbox 165 1158 311 1210; x_wconf 78' lang='grc' dir='ltr'><strong>σῦφαρ</strong></span> <span class='ocrx_word' id='word_1_129' title='bbox 342 1156 515 1197; x_wconf 83' lang='lat' dir='ltr'><strong>Siculum</strong></span> <span class='ocrx_word' id='word_1_130' title='bbox 542 1157 722 1208; x_wconf 88' lang='lat' dir='ltr'><strong>primitus</strong></span> <span class='ocrx_word' id='word_1_131' title='bbox 752 1157 1008 1208; x_wconf 82' lang='lat' dir='ltr'><strong>vocabulum,</strong></span> <span class='ocrx_word' id='word_1_132' title='bbox 1040 1162 1082 1198; x_wconf 87' lang='lat' dir='ltr'><strong>ut</strong></span> <span class='ocrx_word' id='word_1_133' title='bbox 1113 1159 1245 1209; x_wconf 87' lang='lat' dir='ltr'><strong>aiunt,</strong></span> <span class='ocrx_word' id='word_1_134' title='bbox 1277 1156 1476 1213; x_wconf 78' lang='lat' dir='ltr'><strong>Sophroni</strong></span> <span class='ocrx_word' id='word_1_135' title='bbox 1506 1158 1704 1206; x_wconf 89' lang='lat' dir='ltr'><strong>usitatum,</strong></span> 
     </span>
     <span class='ocr_line' id='line_1_16' title="bbox 166 1227 1706 1282; baseline 0 -15"><span class='ocrx_word' id='word_1_136' title='bbox 166 1229 361 1269; x_wconf 81' lang='lat' dir='ltr'><strong>illustrant</strong></span> <span class='ocrx_word' id='word_1_137' title='bbox 392 1228 565 1281; x_wconf 89' lang='lat' dir='ltr'><strong>Toupius</strong></span> <span class='ocrx_word' id='word_1_138' title='bbox 596 1228 790 1268; x_wconf 85' lang='lat' dir='ltr'><strong>Emendd.</strong></span> <span class='ocrx_word' id='word_1_139' title='bbox 823 1229 863 1269; x_wconf 91' lang='lat' dir='ltr'><strong>in</strong></span> <span class='ocrx_word' id='word_1_140' title='bbox 895 1228 1068 1282; x_wconf 78' lang='lat' dir='ltr'><strong>Hesych.</strong></span> <span class='ocrx_word' id='word_1_141' title='bbox 1103 1229 1142 1269; x_wconf 89' lang='lat' dir='ltr'><strong>P.</strong></span> <span class='ocrx_word' id='word_1_142' title='bbox 1165 1229 1193 1269; x_wconf 92' lang='lat' dir='ltr'><strong>I.</strong></span> <span class='ocrx_word' id='word_1_143' title='bbox 1217 1242 1258 1282; x_wconf 91' lang='lat' dir='ltr'><strong>p.</strong></span> <span class='ocrx_word' id='word_1_144' title='bbox 1284 1229 1376 1270; x_wconf 90' lang='grc'><strong>277.</strong></span> <span class='ocrx_word' id='word_1_145' title='bbox 1436 1227 1706 1269; x_wconf 87' lang='lat' dir='ltr'><strong>Schneiderus</strong></span> 
     </span>
     <span class='ocr_line' id='line_1_17' title="bbox 169 1299 1710 1354; baseline -0.001 -13"><span class='ocrx_word' id='word_1_146' title='bbox 169 1301 220 1341; x_wconf 86' lang='lat' dir='ltr'><strong>ad</strong></span> <span class='ocrx_word' id='word_1_147' title='bbox 251 1302 382 1342; x_wconf 89' lang='lat' dir='ltr'><strong>Schol.</strong></span> <span class='ocrx_word' id='word_1_148' title='bbox 415 1301 584 1342; x_wconf 90' lang='lat' dir='ltr'><strong>Nicand.</strong></span> <span class='ocrx_word' id='word_1_149' title='bbox 615 1301 801 1354; x_wconf 83' lang='lat' dir='ltr'><strong>Alexiph.</strong></span> <span class='ocrx_word' id='word_1_150' title='bbox 833 1302 899 1342; x_wconf 77' lang='lat'><strong>91.</strong></span> <span class='ocrx_word' id='word_1_151' title='bbox 932 1307 970 1341; x_wconf 87' lang='lat' dir='ltr'><strong>et</strong></span> <span class='ocrx_word' id='word_1_152' title='bbox 1002 1307 1212 1342; x_wconf 90' lang='lat' dir='ltr'><strong>accentum</strong></span> <span class='ocrx_word' id='word_1_153' title='bbox 1245 1301 1351 1354; x_wconf 87' lang='lat' dir='ltr'><strong>quod</strong></span> <span class='ocrx_word' id='word_1_154' title='bbox 1386 1301 1541 1351; x_wconf 80' lang='lat' dir='ltr'><strong>attinet,</strong></span> <span class='ocrx_word' id='word_1_155' title='bbox 1575 1299 1710 1340; x_wconf 86' lang='lat' dir='ltr'><strong>Bach-</strong></span> 
     </span>
     <span class='ocr_line' id='line_1_18' title="bbox 168 1370 1706 1427; baseline -0.003 -13"><span class='ocrx_word' id='word_1_156' title='bbox 168 1387 336 1414; x_wconf 87' lang='lat' dir='ltr'><strong>mannus</strong></span> <span class='ocrx_word' id='word_1_157' title='bbox 369 1374 418 1414; x_wconf 91' lang='lat' dir='ltr'><strong>ad</strong></span> <span class='ocrx_word' id='word_1_158' title='bbox 447 1374 624 1427; x_wconf 78' lang='lat' dir='ltr'><strong>Lycoph.</strong></span> <span class='ocrx_word' id='word_1_159' title='bbox 658 1373 751 1414; x_wconf 79' lang='lat'><strong>793.</strong></span> <span class='ocrx_word' id='word_1_160' title='bbox 811 1372 1020 1413; x_wconf 92' lang='lat' dir='ltr'><strong>Eiusmodi</strong></span> <span class='ocrx_word' id='word_1_161' title='bbox 1051 1377 1181 1413; x_wconf 86' lang='lat' dir='ltr'><strong>cutem</strong></span> <span class='ocrx_word' id='word_1_162' title='bbox 1223 1372 1417 1412; x_wconf 88' lang='lat' dir='ltr'><strong>describit</strong></span> <span class='ocrx_word' id='word_1_163' title='bbox 1444 1370 1706 1423; x_wconf 88' lang='lat' dir='ltr'><strong>Apollonius:</strong></span> 
     </span>
     <span class='ocr_line' id='line_1_19' title="bbox 168 1441 1708 1501; baseline -0.001 -16"><span class='ocrx_word' id='word_1_164' title='bbox 168 1448 270 1501; x_wconf 71' lang='grc' dir='ltr'><strong>πίνῳ</strong></span> <span class='ocrx_word' id='word_1_165' title='bbox 300 1447 343 1485; x_wconf 82' lang='grc' dir='ltr'><strong>τέ</strong></span> <span class='ocrx_word' id='word_1_166' title='bbox 371 1442 409 1485; x_wconf 76' lang='grc' dir='ltr'><strong>οἱ</strong></span> <span class='ocrx_word' id='word_1_167' title='bbox 441 1445 671 1492; x_wconf 74' lang='grc' dir='ltr'><em>αιῖσταλέος</em></span> <span class='ocrx_word' id='word_1_168' title='bbox 700 1442 817 1497; x_wconf 77' lang='grc' dir='ltr'><strong>χρώς</strong></span> <span class='ocrx_word' id='word_1_169' title='bbox 844 1441 1046 1497; x_wconf 71' lang='grc' dir='ltr'>ἐσκλήκει,</span> <span class='ocrx_word' id='word_1_170' title='bbox 1079 1442 1191 1498; x_wconf 65' lang='grc' dir='ltr'>ῥινοὶ</span> <span class='ocrx_word' id='word_1_171' title='bbox 1220 1444 1266 1484; x_wconf 75' lang='grc' dir='ltr'><strong>δὲ</strong></span> <span class='ocrx_word' id='word_1_172' title='bbox 1294 1441 1373 1483; x_wconf 68' lang='grc' dir='ltr'><strong>σύν</strong></span> <span class='ocrx_word' id='word_1_173' title='bbox 1403 1443 1525 1484; x_wconf 82' lang='grc' dir='ltr'><em>ὀστέα</em></span> <span class='ocrx_word' id='word_1_174' title='bbox 1556 1444 1708 1494; x_wconf 69' lang='grc' dir='ltr'>μοῦνον</span> 
     </span>
     <span class='ocr_line' id='line_1_20' title="bbox 170 1515 1708 1570; baseline -0.003 -12"><span class='ocrx_word' id='word_1_175' title='bbox 170 1516 332 1570; x_wconf 69' lang='grc' dir='ltr'><strong>ἔεργον,</strong></span> <span class='ocrx_word' id='word_1_176' title='bbox 362 1517 406 1556; x_wconf 85' lang='lat'><strong>11.</strong></span> <span class='ocrx_word' id='word_1_177' title='bbox 432 1518 525 1558; x_wconf 90' lang='grc'><strong>200.</strong></span> <span class='ocrx_word' id='word_1_178' title='bbox 555 1517 624 1557; x_wconf 91' lang='lat' dir='ltr'><strong>ubi</strong></span> <span class='ocrx_word' id='word_1_179' title='bbox 655 1522 715 1558; x_wconf 86' lang='lat' dir='ltr'><strong>est</strong></span> <span class='ocrx_word' id='word_1_180' title='bbox 745 1519 864 1557; x_wconf 90' lang='lat' dir='ltr'><strong>etiam</strong></span> <span class='ocrx_word' id='word_1_181' title='bbox 893 1517 1026 1558; x_wconf 87' lang='lat' dir='ltr'><strong>baculi</strong></span> <span class='ocrx_word' id='word_1_182' title='bbox 1059 1519 1237 1565; x_wconf 85' lang='lat' dir='ltr'><strong>mentio,</strong></span> <span class='ocrx_word' id='word_1_183' title='bbox 1269 1523 1307 1558; x_wconf 90' lang='lat' dir='ltr'><strong>et</strong></span> <span class='ocrx_word' id='word_1_184' title='bbox 1339 1515 1496 1569; x_wconf 77' lang='grc' dir='ltr'><strong>ῥικνοῖς</strong></span> <span class='ocrx_word' id='word_1_185' title='bbox 1524 1516 1708 1556; x_wconf 81' lang='lat' dir='ltr'><strong>vocabu-</strong></span> 
     </span>
     <span class='ocr_line' id='line_1_21' title="bbox 169 1588 1705 1643; baseline -0.001 -13"><span class='ocrx_word' id='word_1_186' title='bbox 169 1592 262 1640; x_wconf 87' lang='lat' dir='ltr'><strong>lum,</strong></span> <span class='ocrx_word' id='word_1_187' title='bbox 294 1591 525 1630; x_wconf 87' lang='lat' dir='ltr'><strong>illustratum</strong></span> <span class='ocrx_word' id='word_1_188' title='bbox 550 1591 604 1630; x_wconf 90' lang='lat' dir='ltr'><strong>ibi</strong></span> <span class='ocrx_word' id='word_1_189' title='bbox 639 1604 660 1630; x_wconf 93' lang='lat' dir='ltr'><strong>a</strong></span> <span class='ocrx_word' id='word_1_190' title='bbox 691 1591 890 1630; x_wconf 83' lang='lat' dir='ltr'><strong>Brunckio</strong></span> <span class='ocrx_word' id='word_1_191' title='bbox 926 1603 978 1630; x_wconf 80' lang='lat' dir='ltr'><strong>ex</strong></span> <span class='ocrx_word' id='word_1_192' title='bbox 1006 1591 1189 1643; x_wconf 89' lang='lat' dir='ltr'><strong>Oppiano</strong></span> <span class='ocrx_word' id='word_1_193' title='bbox 1221 1589 1306 1629; x_wconf 85' lang='lat' dir='ltr'><strong>Hal.</strong></span> <span class='ocrx_word' id='word_1_194' title='bbox 1336 1588 1380 1627; x_wconf 82' lang='lat' dir='ltr'><strong>V.</strong></span> <span class='ocrx_word' id='word_1_195' title='bbox 1403 1590 1497 1630; x_wconf 78' lang='lat'><strong>593.</strong></span> <span class='ocrx_word' id='word_1_196' title='bbox 1557 1590 1705 1630; x_wconf 86' lang='lat' dir='ltr'><strong>Iuliano</strong></span> 
     </span>
     <span class='ocr_line' id='line_1_22' title="bbox 168 1659 1706 1716; baseline 0 -14"><span class='ocrx_word' id='word_1_197' title='bbox 168 1663 368 1716; x_wconf 80' lang='lat' dir='ltr'><strong>Aegyptio</strong></span> <span class='ocrx_word' id='word_1_198' title='bbox 398 1662 534 1715; x_wconf 88' lang='lat' dir='ltr'><strong>Epigr.</strong></span> <span class='ocrx_word' id='word_1_199' title='bbox 567 1662 724 1702; x_wconf 80' lang='lat' dir='ltr'><strong>XXVII.</strong></span> <span class='ocrx_word' id='word_1_200' title='bbox 758 1667 797 1702; x_wconf 89' lang='lat' dir='ltr'><strong>et</strong></span> <span class='ocrx_word' id='word_1_201' title='bbox 826 1662 1009 1715; x_wconf 82' lang='lat' dir='ltr'><strong>exemplo</strong></span> <span class='ocrx_word' id='word_1_202' title='bbox 1041 1661 1242 1715; x_wconf 87' lang='lat' dir='ltr'><strong>Apollonii</strong></span> <span class='ocrx_word' id='word_1_203' title='bbox 1275 1661 1398 1701; x_wconf 85' lang='lat' dir='ltr'><strong>altero</strong></span> <span class='ocrx_word' id='word_1_204' title='bbox 1432 1661 1459 1701; x_wconf 94' lang='lat' dir='ltr'><strong>l.</strong></span> <span class='ocrx_word' id='word_1_205' title='bbox 1491 1660 1586 1702; x_wconf 80' lang='lat'><strong>669.</strong></span> <span class='ocrx_word' id='word_1_206' title='bbox 1625 1659 1706 1713; x_wconf 78' lang='grc' dir='ltr'><strong>γή-</strong></span> 
     </span>
     <span class='ocr_line' id='line_1_23' title="bbox 170 1730 1705 1790; baseline -0.003 -15"><span class='ocrx_word' id='word_1_207' title='bbox 170 1738 247 1787; x_wconf 74' lang='grc' dir='ltr'><strong>ραϊ</strong></span> <span class='ocrx_word' id='word_1_208' title='bbox 286 1733 334 1787; x_wconf 66' lang='grc' dir='ltr'><strong>δὴ</strong></span> <span class='ocrx_word' id='word_1_209' title='bbox 387 1733 589 1789; x_wconf 75' lang='grc' dir='ltr'><strong>ῥικνοῖσιν</strong></span> <span class='ocrx_word' id='word_1_210' title='bbox 625 1732 914 1784; x_wconf 73' lang='grc' dir='ltr'><strong>ἐπισκάζουσα</strong></span> <span class='ocrx_word' id='word_1_211' title='bbox 959 1732 1155 1786; x_wconf 77' lang='grc' dir='ltr'><strong>πόδεσσι,</strong></span> <span class='ocrx_word' id='word_1_212' title='bbox 1242 1732 1409 1790; x_wconf 76' lang='grc' dir='ltr'><strong>βάκτρῳ</strong></span> <span class='ocrx_word' id='word_1_213' title='bbox 1452 1730 1705 1785; x_wconf 73' lang='grc' dir='ltr'><strong>ἐρειδομένη.</strong></span> 
     </span>
     <span class='ocr_line' id='line_1_24' title="bbox 166 1802 1709 1860; baseline -0.002 -14"><span class='ocrx_word' id='word_1_214' title='bbox 166 1806 272 1847; x_wconf 90' lang='lat' dir='ltr'><strong>Add.</strong></span> <span class='ocrx_word' id='word_1_215' title='bbox 309 1806 513 1859; x_wconf 89' lang='lat' dir='ltr'><strong>Oppianus</strong></span> <span class='ocrx_word' id='word_1_216' title='bbox 543 1806 587 1846; x_wconf 91' lang='lat' dir='ltr'><strong>V.</strong></span> <span class='ocrx_word' id='word_1_217' title='bbox 619 1806 714 1848; x_wconf 82' lang='grc'><strong>406.</strong></span> <span class='ocrx_word' id='word_1_218' title='bbox 757 1808 907 1860; x_wconf 69' lang='lat' dir='ltr'><strong>Cyneg.</strong></span> <span class='ocrx_word' id='word_1_219' title='bbox 939 1807 984 1846; x_wconf 92' lang='grc' dir='ltr'><strong>ΙΙ.</strong></span> <span class='ocrx_word' id='word_1_220' title='bbox 1019 1805 1113 1846; x_wconf 75' lang='lat'><strong>346.</strong></span> <span class='ocrx_word' id='word_1_221' title='bbox 1151 1806 1318 1860; x_wconf 71' lang='grc' dir='ltr'>ρικνῆεν</span> <span class='ocrx_word' id='word_1_222' title='bbox 1345 1808 1478 1858; x_wconf 75' lang='grc' dir='ltr'><strong>γῆρας</strong></span> <span class='ocrx_word' id='word_1_223' title='bbox 1506 1802 1709 1845; x_wconf 86' lang='lat' dir='ltr'><strong>Nicander</strong></span> 
     </span>
     <span class='ocr_line' id='line_1_25' title="bbox 168 1875 1708 1933; baseline -0.001 -15"><span class='ocrx_word' id='word_1_224' title='bbox 168 1879 284 1919; x_wconf 87' lang='lat' dir='ltr'><strong>Ther.</strong></span> <span class='ocrx_word' id='word_1_225' title='bbox 320 1879 410 1920; x_wconf 81' lang='grc'><strong>137.</strong></span> <span class='ocrx_word' id='word_1_226' title='bbox 443 1884 483 1920; x_wconf 88' lang='lat' dir='ltr'><strong>et</strong></span> <span class='ocrx_word' id='word_1_227' title='bbox 509 1879 640 1932; x_wconf 72' lang='grc' dir='ltr'><strong>γήραϊ</strong></span> <span class='ocrx_word' id='word_1_228' title='bbox 667 1875 888 1933; x_wconf 70' lang='grc' dir='ltr'>ῥικνήεντι,</span> <span class='ocrx_word' id='word_1_229' title='bbox 920 1879 1093 1918; x_wconf 88' lang='lat' dir='ltr'><strong>fortasse</strong></span> <span class='ocrx_word' id='word_1_230' title='bbox 1121 1890 1143 1917; x_wconf 91' lang='lat' dir='ltr'><strong>e</strong></span> <span class='ocrx_word' id='word_1_231' title='bbox 1173 1877 1390 1928; x_wconf 78' lang='lat' dir='ltr'><strong>Nicandro,</strong></span> <span class='ocrx_word' id='word_1_232' title='bbox 1421 1876 1708 1918; x_wconf 88' lang='lat' dir='ltr'><strong>Christodorus</strong></span> 
     </span>
     <span class='ocr_line' id='line_1_26' title="bbox 164 1950 1704 2006; baseline -0.003 -14"><span class='ocrx_word' id='word_1_233' title='bbox 164 1952 306 2006; x_wconf 74' lang='grc' dir='ltr'><strong>Ἐκφρ.</strong></span> <span class='ocrx_word' id='word_1_234' title='bbox 353 1953 448 1993; x_wconf 74' lang='lat'><strong>340.</strong></span> <span class='ocrx_word' id='word_1_235' title='bbox 524 1951 682 1992; x_wconf 86' lang='lat' dir='ltr'><strong>Addam</strong></span> <span class='ocrx_word' id='word_1_236' title='bbox 730 1952 949 2004; x_wconf 84' lang='lat' dir='ltr'><strong>scriptores</strong></span> <span class='ocrx_word' id='word_1_237' title='bbox 998 1951 1354 2003; x_wconf 86' lang='lat' dir='ltr'><strong>epigrammatum:</strong></span> <span class='ocrx_word' id='word_1_238' title='bbox 1401 1950 1569 1990; x_wconf 88' lang='lat' dir='ltr'><strong>Leonid.</strong></span> <span class='ocrx_word' id='word_1_239' title='bbox 1617 1950 1704 1989; x_wconf 89' lang='lat' dir='ltr'><strong>Tar.</strong></span> 
     </span>
     <span class='ocr_line' id='line_1_27' title="bbox 166 2020 1702 2075; baseline -0.003 -11"><span class='ocrx_word' id='word_1_240' title='bbox 166 2025 361 2065; x_wconf 81' lang='lat' dir='ltr'><strong>XXXVll.</strong></span> <span class='ocrx_word' id='word_1_241' title='bbox 392 2025 430 2065; x_wconf 90' lang='lat'><strong>6.</strong></span> <span class='ocrx_word' id='word_1_242' title='bbox 473 2024 680 2066; x_wconf 89' lang='lat' dir='ltr'><strong>LXXVIII.</strong></span> <span class='ocrx_word' id='word_1_243' title='bbox 710 2024 748 2064; x_wconf 92' lang='lat'><strong>7.</strong></span> <span class='ocrx_word' id='word_1_244' title='bbox 810 2024 942 2063; x_wconf 87' lang='lat' dir='ltr'><strong>Zonas</strong></span> <span class='ocrx_word' id='word_1_245' title='bbox 972 2023 1086 2064; x_wconf 89' lang='lat' dir='ltr'><strong>Sard.</strong></span> <span class='ocrx_word' id='word_1_246' title='bbox 1118 2022 1180 2062; x_wconf 89' lang='lat' dir='ltr'><strong>VI.</strong></span> <span class='ocrx_word' id='word_1_247' title='bbox 1214 2024 1252 2062; x_wconf 91' lang='grc'><strong>2.</strong></span> <span class='ocrx_word' id='word_1_248' title='bbox 1312 2023 1455 2075; x_wconf 83' lang='lat' dir='ltr'><strong>Hymn.</strong></span> <span class='ocrx_word' id='word_1_249' title='bbox 1489 2023 1530 2061; x_wconf 88' lang='lat' dir='ltr'><strong>in</strong></span> <span class='ocrx_word' id='word_1_250' title='bbox 1558 2020 1702 2061; x_wconf 89' lang='lat' dir='ltr'><strong>Bacch.</strong></span> 
     </span>
     <span class='ocr_line' id='line_1_28' title="bbox 164 2091 1703 2149; baseline -0.005 -10"><span class='ocrx_word' id='word_1_251' title='bbox 164 2099 280 2140; x_wconf 88' lang='lat' dir='ltr'><strong>Anal.</strong></span> <span class='ocrx_word' id='word_1_252' title='bbox 312 2098 376 2138; x_wconf 91' lang='lat' dir='ltr'><strong>Br.</strong></span> <span class='ocrx_word' id='word_1_253' title='bbox 408 2097 454 2137; x_wconf 84' lang='lat'><strong>11.</strong></span> <span class='ocrx_word' id='word_1_254' title='bbox 485 2109 521 2149; x_wconf 88' lang='lat' dir='ltr'><strong>p.</strong></span> <span class='ocrx_word' id='word_1_255' title='bbox 546 2096 639 2138; x_wconf 83' lang='lat'><strong>517.</strong></span> <span class='ocrx_word' id='word_1_256' title='bbox 673 2096 814 2145; x_wconf 86' lang='lat' dir='ltr'><strong>(Auth.</strong></span> <span class='ocrx_word' id='word_1_257' title='bbox 846 2096 966 2135; x_wconf 88' lang='lat' dir='ltr'><strong>Palat.</strong></span> <span class='ocrx_word' id='word_1_258' title='bbox 1001 2095 1041 2134; x_wconf 92' lang='lat' dir='ltr'><strong>T.</strong></span> <span class='ocrx_word' id='word_1_259' title='bbox 1073 2095 1119 2134; x_wconf 93' lang='grc' dir='ltr'><strong>ΙΙ.</strong></span> <span class='ocrx_word' id='word_1_260' title='bbox 1150 2107 1186 2147; x_wconf 91' lang='grc' dir='ltr'><strong>ρ.</strong></span> <span class='ocrx_word' id='word_1_261' title='bbox 1226 2093 1340 2144; x_wconf 85' lang='grc'><strong>186.)</strong></span> <span class='ocrx_word' id='word_1_262' title='bbox 1371 2095 1433 2134; x_wconf 80' lang='grc'><strong>18.</strong></span> <span class='ocrx_word' id='word_1_263' title='bbox 1477 2091 1703 2147; x_wconf 57' lang='lat' dir='ltr'><strong>(flamiam,</strong></span> 
     </span>
     <span class='ocr_line' id='line_1_29' title="bbox 164 2162 1704 2224; baseline -0.005 -14"><span class='ocrx_word' id='word_1_264' title='bbox 164 2171 360 2224; x_wconf 82' lang='lat' dir='ltr'><strong>Agalhias</strong></span> <span class='ocrx_word' id='word_1_265' title='bbox 391 2169 495 2210; x_wconf 82' lang='lat' dir='ltr'><strong>XIII.</strong></span> <span class='ocrx_word' id='word_1_266' title='bbox 529 2170 568 2208; x_wconf 79' lang='grc'><strong>4.</strong></span> <span class='ocrx_word' id='word_1_267' title='bbox 599 2169 741 2218; x_wconf 84' lang='lat' dir='ltr'><strong>(Anlh.</strong></span> <span class='ocrx_word' id='word_1_268' title='bbox 770 2169 850 2208; x_wconf 80' lang='lat' dir='ltr'><strong>Pal.</strong></span> <span class='ocrx_word' id='word_1_269' title='bbox 883 2168 923 2208; x_wconf 89' lang='lat' dir='ltr'><strong>T.</strong></span> <span class='ocrx_word' id='word_1_270' title='bbox 952 2168 979 2207; x_wconf 92' lang='lat' dir='ltr'><strong>I.</strong></span> <span class='ocrx_word' id='word_1_271' title='bbox 1014 2181 1051 2220; x_wconf 82' lang='lat' dir='ltr'><strong>p.</strong></span> <span class='ocrx_word' id='word_1_272' title='bbox 1085 2167 1199 2216; x_wconf 75' lang='grc'><strong>168.)</strong></span> <span class='ocrx_word' id='word_1_273' title='bbox 1245 2166 1389 2220; x_wconf 70' lang='grc' dir='ltr'><strong>,γήραϊ</strong></span> <span class='ocrx_word' id='word_1_274' title='bbox 1417 2162 1623 2219; x_wconf 75' lang='grc' dir='ltr'>ῥικνώὸης</span> <span class='ocrx_word' id='word_1_275' title='bbox 1652 2176 1704 2204; x_wconf 84' lang='lat' dir='ltr'><strong>ex</strong></span> 
     </span>
     <span class='ocr_line' id='line_1_30' title="bbox 167 2235 1703 2293; baseline -0.006 -9"><span class='ocrx_word' id='word_1_276' title='bbox 167 2244 326 2286; x_wconf 87' lang='lat' dir='ltr'><strong>emend.</strong></span> <span class='ocrx_word' id='word_1_277' title='bbox 362 2242 559 2293; x_wconf 88' lang='lat' dir='ltr'><strong>lacobsii,</strong></span> <span class='ocrx_word' id='word_1_278' title='bbox 597 2238 770 2283; x_wconf 60' lang='lat' dir='ltr'><strong>&#39;Adsum</strong></span> <span class='ocrx_word' id='word_1_279' title='bbox 804 2240 1038 2280; x_wconf 90' lang='lat' dir='ltr'><strong>CCLXXlll.</strong></span> <span class='ocrx_word' id='word_1_280' title='bbox 1063 2241 1099 2279; x_wconf 82' lang='lat'><strong>5.</strong></span> <span class='ocrx_word' id='word_1_281' title='bbox 1152 2238 1287 2291; x_wconf 88' lang='lat' dir='ltr'><strong>Epigr.</strong></span> <span class='ocrx_word' id='word_1_282' title='bbox 1318 2236 1468 2290; x_wconf 73' lang='lat' dir='ltr'><strong>Syllog.</strong></span> <span class='ocrx_word' id='word_1_283' title='bbox 1499 2235 1703 2276; x_wconf 88' lang='lat' dir='ltr'><strong>Welcker.</strong></span> 
     </span>
     <span class='ocr_line' id='line_1_31' title="bbox 164 2307 1705 2369; baseline -0.007 -12"><span class='ocrx_word' id='word_1_284' title='bbox 164 2317 231 2357; x_wconf 76' lang='lat'><strong>54.</strong></span> <span class='ocrx_word' id='word_1_285' title='bbox 262 2329 299 2369; x_wconf 90' lang='lat' dir='ltr'><strong>p.</strong></span> <span class='ocrx_word' id='word_1_286' title='bbox 328 2315 394 2357; x_wconf 79' lang='lat'><strong>79.</strong></span> <span class='ocrx_word' id='word_1_287' title='bbox 454 2316 635 2367; x_wconf 88' lang='lat' dir='ltr'><strong>Denique</strong></span> <span class='ocrx_word' id='word_1_288' title='bbox 668 2315 888 2367; x_wconf 83' lang='lat' dir='ltr'><strong>Gregorius</strong></span> <span class='ocrx_word' id='word_1_289' title='bbox 918 2312 1171 2366; x_wconf 89' lang='lat' dir='ltr'><strong>Theologus,</strong></span> <span class='ocrx_word' id='word_1_290' title='bbox 1201 2311 1266 2364; x_wconf 89' lang='lat' dir='ltr'><strong>qui</strong></span> <span class='ocrx_word' id='word_1_291' title='bbox 1289 2311 1569 2351; x_wconf 87' lang='lat' dir='ltr'><strong>Nazianzenus</strong></span> <span class='ocrx_word' id='word_1_292' title='bbox 1599 2307 1705 2347; x_wconf 89' lang='lat' dir='ltr'><strong>dici-</strong></span> 
     </span>
     <span class='ocr_line' id='line_1_32' title="bbox 163 2378 1705 2440; baseline -0.006 -11"><span class='ocrx_word' id='word_1_293' title='bbox 163 2394 241 2440; x_wconf 84' lang='lat' dir='ltr'><strong>tur,</strong></span> <span class='ocrx_word' id='word_1_294' title='bbox 275 2389 404 2432; x_wconf 87' lang='lat' dir='ltr'><strong>Carm.</strong></span> <span class='ocrx_word' id='word_1_295' title='bbox 436 2389 465 2428; x_wconf 94' lang='grc' dir='ltr'><strong>Ι.</strong></span> <span class='ocrx_word' id='word_1_296' title='bbox 494 2389 591 2429; x_wconf 83' lang='grc'><strong>307.</strong></span> <span class='ocrx_word' id='word_1_297' title='bbox 620 2393 659 2428; x_wconf 88' lang='lat' dir='ltr'><strong>et</strong></span> <span class='ocrx_word' id='word_1_298' title='bbox 688 2399 809 2439; x_wconf 89' lang='lat' dir='ltr'><strong>saepe</strong></span> <span class='ocrx_word' id='word_1_299' title='bbox 841 2387 948 2427; x_wconf 92' lang='lat' dir='ltr'><strong>alibi.</strong></span> <span class='ocrx_word' id='word_1_300' title='bbox 1007 2386 1056 2426; x_wconf 90' lang='lat' dir='ltr'><strong>Et</strong></span> <span class='ocrx_word' id='word_1_301' title='bbox 1088 2386 1137 2425; x_wconf 89' lang='lat' dir='ltr'><strong>de</strong></span> <span class='ocrx_word' id='word_1_302' title='bbox 1168 2384 1293 2425; x_wconf 85' lang='lat' dir='ltr'><strong>verbo</strong></span> <span class='ocrx_word' id='word_1_303' title='bbox 1324 2380 1504 2436; x_wconf 76' lang='grc' dir='ltr'>ῥικνοῦν,</span> <span class='ocrx_word' id='word_1_304' title='bbox 1538 2378 1705 2436; x_wconf 75' lang='grc' dir='ltr'>ῥικνοῦ-</span> 
     </span>
     <span class='ocr_line' id='line_1_33' title="bbox 164 2459 971 2511; baseline -0.001 -12"><span class='ocrx_word' id='word_1_305' title='bbox 164 2461 268 2500; x_wconf 79' lang='grc' dir='ltr'>σθαι</span> <span class='ocrx_word' id='word_1_306' title='bbox 287 2490 297 2508; x_wconf 85' lang='grc'>,</span> <span class='ocrx_word' id='word_1_307' title='bbox 330 2459 455 2511; x_wconf 84' lang='lat' dir='ltr'><strong>lntpp.</strong></span> <span class='ocrx_word' id='word_1_308' title='bbox 485 2459 676 2499; x_wconf 87' lang='lat' dir='ltr'><strong>Moeridis</strong></span> <span class='ocrx_word' id='word_1_309' title='bbox 707 2472 747 2511; x_wconf 89' lang='lat' dir='ltr'><strong>p.</strong></span> <span class='ocrx_word' id='word_1_310' title='bbox 779 2459 876 2502; x_wconf 80' lang='lat'><strong>335.</strong></span> <span class='ocrx_word' id='word_1_311' title='bbox 911 2470 971 2510; x_wconf 85' lang='lat' dir='ltr'><strong>sq.</strong></span> 
     </span>
    </p>

    <p class='ocr_par' dir='ltr' id='par_1_3' title="bbox 161 2525 1703 2874">
     <span class='ocr_line' id='line_1_34' title="bbox 274 2525 1703 2584; baseline -0.006 -13"><span class='ocrx_word' id='word_1_312' title='bbox 274 2533 556 2584; x_wconf 83' lang='lat' dir='ltr'><strong>Fragmentum</strong></span> <span class='ocrx_word' id='word_1_313' title='bbox 586 2532 819 2572; x_wconf 86' lang='lat' dir='ltr'><strong>Callimachi</strong></span> <span class='ocrx_word' id='word_1_314' title='bbox 854 2531 1018 2572; x_wconf 47' lang='lat' dir='ltr'><strong>XLIX-r.</strong></span> <span class='ocrx_word' id='word_1_315' title='bbox 1052 2530 1176 2582; x_wconf 89' lang='lat' dir='ltr'><strong>priori</strong></span> <span class='ocrx_word' id='word_1_316' title='bbox 1210 2528 1399 2580; x_wconf 88' lang='lat' dir='ltr'><strong>colloquii</strong></span> <span class='ocrx_word' id='word_1_317' title='bbox 1436 2525 1566 2579; x_wconf 86' lang='lat' dir='ltr'><strong>parti,</strong></span> <span class='ocrx_word' id='word_1_318' title='bbox 1601 2536 1703 2577; x_wconf 86' lang='lat' dir='ltr'><strong>quae</strong></span> 
     </span>
     <span class='ocr_line' id='line_1_35' title="bbox 163 2595 1703 2655; baseline -0.004 -14"><span class='ocrx_word' id='word_1_319' title='bbox 163 2603 237 2642; x_wconf 84' lang='lat' dir='ltr'><strong>suit</strong></span> <span class='ocrx_word' id='word_1_320' title='bbox 269 2604 307 2642; x_wconf 91' lang='lat' dir='ltr'><strong>in</strong></span> <span class='ocrx_word' id='word_1_321' title='bbox 339 2605 426 2655; x_wconf 86' lang='lat' dir='ltr'><strong>ipso</strong></span> <span class='ocrx_word' id='word_1_322' title='bbox 461 2604 635 2645; x_wconf 88' lang='lat' dir='ltr'><strong>adventu</strong></span> <span class='ocrx_word' id='word_1_323' title='bbox 665 2605 837 2653; x_wconf 82' lang='lat' dir='ltr'><strong>Thesei,</strong></span> <span class='ocrx_word' id='word_1_324' title='bbox 871 2608 962 2642; x_wconf 88' lang='lat' dir='ltr'><strong>ante</strong></span> <span class='ocrx_word' id='word_1_325' title='bbox 1005 2614 1202 2652; x_wconf 90' lang='lat' dir='ltr'><strong>coenam,</strong></span> <span class='ocrx_word' id='word_1_326' title='bbox 1242 2604 1453 2653; x_wconf 88' lang='lat' dir='ltr'><strong>propterea</strong></span> <span class='ocrx_word' id='word_1_327' title='bbox 1499 2595 1703 2649; x_wconf 82' lang='lat' dir='ltr'><strong>assignavi</strong></span> 
     </span>
     <span class='ocr_line' id='line_1_36' title="bbox 162 2668 1700 2727; baseline -0.003 -15"><span class='ocrx_word' id='word_1_328' title='bbox 162 2674 269 2724; x_wconf 81' lang='lat' dir='ltr'><strong>quod</strong></span> <span class='ocrx_word' id='word_1_329' title='bbox 307 2676 447 2715; x_wconf 79' lang='lat' dir='ltr'><strong>melius</strong></span> <span class='ocrx_word' id='word_1_330' title='bbox 477 2677 549 2717; x_wconf 78' lang='grc' dir='ltr'><strong>ναί</strong></span> <span class='ocrx_word' id='word_1_331' title='bbox 583 2678 706 2717; x_wconf 82' lang='grc' dir='ltr'>τοῦτο</span> <span class='ocrx_word' id='word_1_332' title='bbox 735 2673 778 2716; x_wconf 83' lang='grc' dir='ltr'><strong>τὸ</strong></span> <span class='ocrx_word' id='word_1_333' title='bbox 815 2676 1012 2727; x_wconf 75' lang='grc' dir='ltr'><strong>δένδρεον</strong></span> <span class='ocrx_word' id='word_1_334' title='bbox 1043 2668 1147 2714; x_wconf 72' lang='grc' dir='ltr'>αὖον</span> <span class='ocrx_word' id='word_1_335' title='bbox 1186 2671 1255 2713; x_wconf 79' lang='grc' dir='ltr'><strong>ἑόν</strong></span> <span class='ocrx_word' id='word_1_336' title='bbox 1295 2686 1371 2723; x_wconf 78' lang='grc' dir='ltr'><strong>περ</strong></span> <span class='ocrx_word' id='word_1_337' title='bbox 1418 2675 1498 2710; x_wconf 86' lang='lat' dir='ltr'><strong>tum</strong></span> <span class='ocrx_word' id='word_1_338' title='bbox 1543 2668 1700 2718; x_wconf 88' lang='lat' dir='ltr'><strong>dicitur,</strong></span> 
     </span>
     <span class='ocr_line' id='line_1_37' title="bbox 163 2741 1702 2803; baseline -0.003 -19"><span class='ocrx_word' id='word_1_339' title='bbox 163 2758 280 2799; x_wconf 92' lang='lat' dir='ltr'><strong>quum</strong></span> <span class='ocrx_word' id='word_1_340' title='bbox 309 2748 484 2788; x_wconf 89' lang='lat' dir='ltr'><strong>nondum</strong></span> <span class='ocrx_word' id='word_1_341' title='bbox 516 2750 771 2803; x_wconf 88' lang='lat' dir='ltr'><strong>deposuisset</strong></span> <span class='ocrx_word' id='word_1_342' title='bbox 801 2749 1001 2789; x_wconf 86' lang='lat' dir='ltr'><strong>baculum.</strong></span> <span class='ocrx_word' id='word_1_343' title='bbox 1060 2748 1305 2799; x_wconf 87' lang='lat' dir='ltr'><strong>Quamquam</strong></span> <span class='ocrx_word' id='word_1_344' title='bbox 1336 2744 1468 2784; x_wconf 84' lang='lat' dir='ltr'><strong>sentio</strong></span> <span class='ocrx_word' id='word_1_345' title='bbox 1507 2741 1546 2781; x_wconf 90' lang='lat' dir='ltr'><strong>id</strong></span> <span class='ocrx_word' id='word_1_346' title='bbox 1577 2752 1702 2794; x_wconf 89' lang='lat' dir='ltr'><strong>argu-</strong></span> 
     </span>
     <span class='ocr_line' id='line_1_38' title="bbox 161 2820 919 2874; baseline 0.004 -17"><span class='ocrx_word' id='word_1_347' title='bbox 161 2823 335 2858; x_wconf 89' lang='lat' dir='ltr'><strong>mentum</strong></span> <span class='ocrx_word' id='word_1_348' title='bbox 362 2831 442 2860; x_wconf 89' lang='lat' dir='ltr'><strong>non</strong></span> <span class='ocrx_word' id='word_1_349' title='bbox 474 2833 566 2862; x_wconf 88' lang='lat' dir='ltr'><strong>esse</strong></span> <span class='ocrx_word' id='word_1_350' title='bbox 596 2820 919 2874; x_wconf 87' lang='lat' dir='ltr'><strong>inexpugnabile.</strong></span> 
     </span>
    </p>
   </div>
  </div>
 </body>
</html>
