1856 3126
739 101 1043 141 —259—

122 215 283 257 tandem
309 220 488 268 tempore
514 215 640 267 fatur.
702 217 850 259 Contra
884 218 1138 270 suspiciones
1158 216 1289 257 Ezrae
1312 217 1362 256 de
1382 215 1524 269 Clercq
1539 214 1659 257 Obss.

122 291 161 330 in
202 291 351 330 Lucan.
387 290 560 341 Specim.
603 289 648 329 11.
680 303 717 342 p.
747 290 814 331 89.
860 292 895 331 si
940 290 1092 330 Catullo
1141 301 1241 342 opus
1287 294 1395 329 esset
1436 289 1660 342 praesidio,

119 366 256 401 uterer
279 361 449 401 Boethio
479 361 545 400 lib.
580 361 642 401 lV.
674 367 788 403 metr.
825 365 863 403 5.
898 364 1006 413 (32.)
1042 363 1107 416 qui
1134 362 1229 402 mihi
1261 364 1316 402 ita
1347 362 1486 403 similis
1506 362 1658 403 Catullo

120 429 309 483 videtur,
338 437 381 473 ut
420 433 470 472 de
515 433 738 475 imitatione
785 437 988 488 cogitem:
1041 438 1126 475 Cur
1155 436 1261 486 ἱεραί
1290 435 1428 475 tardus
1465 435 1660 485 plaustra

120 506 285 556 Bootes,
320 505 556 557 Mergatque
589 518 702 546 seras
723 519 902 558 aequore
924 507 1122 558 flammas.
1184 507 1295 554 Quae
1325 507 1384 546 sic
1413 518 1539 559 nuper
1567 507 1659 547 edi-

119 582 182 618 tus
213 590 235 617 a
268 577 311 616 C.
347 577 388 616 F.
418 576 598 617 Webero
631 578 824 619 Maximus
848 579 1072 620 Planudes:
1104 579 1192 624 πῶς
1222 578 1312 618 ποτ’
1345 577 1550 625 ὀκναλέως
1576 571 1659 619 εἶσι

119 647 312 701 Βοώτης,
399 642 446 688 ὃν
476 663 519 688 τε
552 653 687 706 σχολῇ
722 653 811 705 φῶς
843 650 1000 701 νάμασι
1031 650 1195 702 βάπτει.

230 791 295 831 Ad
325 791 443 832 finem
475 798 709 845 perventum
749 798 811 833 est
842 793 957 833 huius
987 794 1141 846 capitis.
1201 794 1318 842 Quod
1351 795 1386 834 si
1429 796 1492 834 cui
1532 795 1659 835 breve

119 862 344 913 videbitur,
387 876 435 903 ea
469 876 549 904 non
583 877 672 905 mea
708 865 849 918 culpa,
888 866 963 905 sed
998 866 1215 919 temporis,
1255 878 1328 918 per
1361 866 1469 919 quod
1510 867 1659 907 factum

120 939 209 985 est,
244 939 286 974 ut
315 946 443 986 pauca
475 941 625 976 tantum
657 938 884 990 fragmenta
913 938 991 977 huc
1022 939 1263 990 pertinentia
1302 939 1517 990 supersint.
1573 937 1660 979 Nisi

119 1020 182 1047 me
214 1007 361 1060 aliquid
397 1011 663 1061 praeterierit.
739 1010 826 1050 Hoc
859 1012 1023 1050 omnino
1056 1013 1227 1051 suadent
1258 1013 1417 1062 omnia,
1459 1012 1658 1064 insignem

118 1085 271 1131 partem
303 1082 490 1121 carminis
523 1082 647 1122 fuisse
675 1094 839 1134 puynae
872 1082 1198 1134 descriptionem.
1270 1083 1321 1122 Et
1368 1083 1571 1134 fortasse,
1617 1087 1660 1122 ut

119 1153 268 1203 aliquid
299 1154 457 1204 dicam,
500 1167 602 1207 quae
644 1167 763 1208 supra
809 1156 947 1195 verbis
981 1156 1212 1208 complexus
1257 1168 1343 1196 sum
1389 1155 1660 1208 paucissimis,

115 1225 252 1276 peryit
281 1226 385 1266 istuc
413 1226 611 1265 Theseus:
640 1226 858 1277 descriptio
888 1225 1070 1265 itineris.-
1101 1227 1338 1277 speculatur
1367 1226 1480 1276 loca,
1510 1226 1660 1266 bonum

117 1307 326 1335 numerum
356 1308 543 1337 versuum
565 1298 792 1350 implebant.
853 1297 949 1337 Tum
980 1302 1099 1349 poeta
1132 1297 1239 1337 haud
1269 1297 1388 1337 dubie
1414 1298 1659 1350 aliquantum

118 1378 269 1419 operae
302 1373 495 1420 posuerat
525 1369 565 1408 in
597 1369 867 1409 describenda
896 1371 1034 1422 specie
1065 1370 1179 1419 tauri,
1209 1371 1355 1410 eximia
1387 1370 1467 1421 illa,
1502 1370 1552 1410 de
1581 1382 1659 1422 qua

117 1442 208 1478 sunt
238 1438 277 1478 in
318 1439 411 1490 Cap.
445 1439 489 1479 11.
531 1440 623 1480 bina
656 1442 896 1493 Apollodori
937 1442 1180 1482 testimonia.
1217 1465 1272 1473 —
1309 1445 1444 1482 taurus
1477 1443 1661 1494 apparuit

118 1510 242 1550 nimio
275 1511 453 1550 candore
478 1512 697 1564 perfusus:
739 1512 837 1564 Intp.
871 1512 985 1553 Statii
1015 1512 1138 1552 Theb.
1170 1511 1215 1552 V.
1247 1509 1342 1552 441.
1376 1524 1466 1552 cum
1494 1511 1659 1564 Mytho-

115 1581 280 1633 graphis
312 1581 405 1621 Maii
435 1582 464 1621 1.
493 1583 560 1623 47.
591 1583 636 1623 11.
675 1583 765 1623 120.
824 1583 971 1623 Verum
1001 1588 1081 1623 tum
1113 1585 1242 1637 magis
1271 1584 1475 1636 terribilis,
1504 1585 1657 1626 effera-

116 1658 178 1695 tus
208 1653 292 1694 suit.
348 1654 401 1693 At
429 1653 657 1707 πυρπνόου,
689 1655 844 1708 qualem
878 1656 1028 1695 faciunt
1057 1656 1227 1703 Quintus
1256 1656 1411 1709 Smyrn.
1443 1657 1524 1698 VII.
1558 1658 1654 1700 237.

117 1729 157 1764 et
186 1724 454 1776 Epigramma,
486 1726 593 1778 quod
625 1727 811 1766 tribuitur
841 1727 1002 1777 Quinto,
1033 1728 1148 1768 Anal.
1169 1728 1216 1768 11.
1247 1740 1282 1780 p.
1301 1729 1397 1769 475.
1427 1730 1548 1770 Anth.
1573 1731 1651 1770 Pal.

117 1795 163 1835 ll.
196 1808 233 1847 p.
267 1796 364 1836 651.
405 1797 495 1836 coll.
527 1809 612 1850 sup.
644 1798 738 1850 Cap.
770 1798 834 1838 VI.
875 1811 912 1851 p.
945 1800 1039 1840 220.
1081 1804 1121 1839 et
1158 1800 1292 1852 paullo
1338 1805 1432 1840 ante
1469 1801 1654 1843 laudatus

119 1868 325 1920 Olympius
352 1869 618 1910 Nemesianus
648 1884 685 1911 v.
722 1871 812 1911 135.
849 1871 941 1915 137.
1001 1871 1296 1922 Callimachus,
1333 1877 1376 1913 ut
1413 1877 1535 1925 puto,
1570 1885 1654 1914 non

115 1942 283 1981 fecerat.
368 1941 504 1994 Pugna
535 1943 633 1995 ipsa,
662 1944 696 1983 si
726 1947 915 1995 reputes,
950 1944 1016 1995 qui
1049 1944 1261 1985 debuerint
1292 1946 1396 1984 inter
1425 1945 1653 1998 fragmenta

116 2024 219 2063 quae
259 2013 375 2065 posui
407 2015 480 2053 tria
514 2026 655 2054 versus
698 2015 819 2055 medii
862 2028 984 2067 esse,
1017 2017 1115 2056 satis
1146 2017 1268 2069 longa
1304 2016 1519 2057 videbitur.
1590 2018 1654 2057 Ac

115 2085 290 2125 sortasse
323 2086 442 2125 etiam
471 2084 633 2138 longior
665 2087 737 2126 suit
768 2100 815 2127 ac
844 2089 1105 2140 pertinacior,
1135 2102 1252 2141 quam
1288 2088 1535 2141 patefaciunt
1565 2090 1654 2130 fra-

114 2161 277 2209 gmenta
307 2156 385 2197 illa.
447 2158 558 2204 Quae
586 2171 630 2198 re
654 2171 766 2210 vera,
797 2164 838 2199 ut
872 2165 1005 2200 sunta
1039 2161 1156 2200 nobis
1188 2162 1400 2213 explicata,
1430 2161 1532 2201 haec
1557 2167 1651 2202 tan-

114 2234 194 2268 tum
236 2228 315 2268 duo
355 2229 528 2269 docent:
574 2242 701 2271 cornu
740 2237 996 2283 correptum,
1040 2237 1079 2272 et
1127 2234 1362 2285 depressum
1399 2233 1439 2272 in
1487 2238 1648 2274 terram.

115 2301 354 2349 Quaeritur,
387 2302 480 2352 quid
511 2303 755 2354 admisceri,
785 2309 824 2343 et
861 2306 1034 2356 suppleri
1066 2305 1338 2345 coniectando
1369 2317 1421 2344 ex
1452 2306 1648 2347 similibus

115 2372 465 2424 descriptionibus,
498 2374 636 2424 quales
665 2386 784 2426 supra
814 2376 1003 2425 indicavi,
1033 2376 1229 2428 aliisque,
1249 2375 1408 2414 debeat.
1468 2375 1527 2414 De
1559 2375 1647 2416 fra-

116 2449 180 2484 cto
213 2455 363 2495 cornu,
397 2445 503 2496 quod
535 2445 702 2485 Ovidius
731 2446 797 2486 lX.
827 2447 894 2487 85.
928 2459 975 2499 sq
1024 2448 1064 2486 in
1097 2448 1262 2487 historia
1297 2446 1492 2497 Acheloi3
1538 2449 1646 2500 quod

114 2517 221 2557 idem
255 2516 347 2556 huic
382 2517 457 2568 ipsi
488 2522 601 2556 tauro
635 2519 676 2557 in
708 2518 826 2557 Creta
860 2519 1061 2558 accidisse
1090 2520 1256 2559 Nomius
1287 2518 1410 2558 XXV.
1445 2519 1538 2558 227.
1560 2531 1646 2572 sqq.

113 2593 274 2628 narrat:
307 2584 394 2628 ὅττι
424 2585 634 2628 τινάσσων
720 2592 947 2642 τοσσατιήν
980 2588 1183 2642 κορύνην,
1222 2589 1361 2643 ὀλίγην
1400 2587 1550 2643 ἔτμηξε
1580 2606 1648 2631 κε-

116 2664 263 2714 ραιήνε
303 2659 474 2700 alienum
507 2665 580 2698 est.
695 2661 748 2700 At
789 2663 914 2712 potuit
943 2661 1121 2701 Theseus
1165 2666 1423 2714 prosternere
1468 2666 1647 2702 taurum:

115 2736 158 2771 ut
184 2731 406 2770 Acheloum
437 2735 590 2769 taurum
618 2730 838 2781 Hercules,
869 2731 985 2770 Ovid.
1020 2731 1085 2770 IX.
1117 2730 1184 2772 84.
1217 2732 1382 2773 Cornua
1408 2733 1493 2785 fiqit
1517 2733 1650 2784 humo,

116 2814 255 2853 meque
285 2802 368 2842 alta
397 2800 540 2840 sternit
567 2812 708 2839 arena.
767 2805 832 2840 aut
863 2801 1086 2853 deprimere
1115 2803 1155 2842 in
1185 2815 1334 2856 genua,
1365 2808 1406 2844 ut
1428 2803 1519 2844 illos
1535 2803 1655 2845 lason
