1856 3126
787 120 1069 156 -90--1

168 235 464 288 comparatione
498 234 667 274 diversis
706 235 834 274 modis
863 239 1021 276 utantur
1048 241 1212 287 poetae,
1244 248 1278 276 e.
1311 248 1349 289 g.
1382 234 1615 288 Apollonius
1646 236 1674 277 1.

162 310 255 349 721.
287 320 396 360 seqq.
440 309 479 347 in
512 308 780 360 descriptione
813 305 966 349 Iasonis
999 310 1079 359 ita,
1110 313 1151 348 ut
1190 310 1297 361 prius
1338 308 1565 348 induentem
1612 308 1678 346 δι’-

164 385 301 421 πλακα
332 382 604 433 πορφυρέην,
637 379 687 419 de
717 392 792 433 qua
826 380 879 420 ibi
909 366 1026 433 supra
1059 381 1215 421 modum
1247 381 1366 434 longa
1398 381 1574 420 narratio
1605 382 1679 428 est,

167 452 312 492 deinde
342 449 462 505 ἔγχος
493 453 742 505 arripientem
777 452 992 504 describat,
1025 453 1195 506 denique
1224 452 1485 506 prodeuntem
1517 465 1554 492 v.
1584 452 1677 491 774.

167 536 254 564 cum
285 524 398 564 stella
423 529 638 577 comparet,
670 526 842 578 eleganti
865 527 1187 578 comparatione:
1213 525 1475 566 Callimachus
1494 524 1678 575 sortasse,

162 595 364 634 contrario
398 595 544 647 modo,
573 595 777 648 inceperat
807 608 828 636 a
861 596 1171 648 comparatione.
1241 597 1328 637 Non
1373 597 1508 638 dubito
1549 600 1678 636 autem

160 668 255 719 quin
286 666 510 718 Apollinem
538 680 650 708 suam
683 670 720 708 in
759 671 1100 721 comparationem
1141 668 1388 719 adhibuerit,
1427 669 1678 710 formosissi-

163 753 266 781 mum
297 743 479 782 iuvenem
511 742 613 782 inter
645 742 769 792 deOS,
810 747 849 782 ut
890 747 967 782 tum
1000 742 1071 783 fuit
1113 744 1217 783 inter
1259 742 1445 782 mortales
1488 742 1676 781 Theseus.

158 811 221 863 Ut,
255 813 290 852 si
322 817 633 867 comparationis
668 816 793 856 forma
824 818 945 856 utaris
977 829 1048 868 ea,
1082 827 1205 868 quae,
1239 815 1413 856 Homero
1444 819 1674 867 praeeunte,

161 897 200 926 e.
233 899 266 925 e.
301 886 445 939 odyss.
476 887 537 927 VI.
572 888 662 932 102,
697 889 734 927 in
770 887 1032 928 describenda
1065 889 1273 937 Nausicaa,
1304 887 1515 940 Apollonio
1535 887 1562 925 1.
1579 886 1674 927 307.

159 958 331 1010 placuit:
363 956 447 1007 οἷος
472 960 509 1000 δ’
541 961 584 998 ἐκ
614 964 727 1012 νηοῖο
758 957 946 1007 θυώδεος
977 956 1081 1000 εἶσιν
1108 958 1326 1000 Ἀπόλλων
1356 964 1431 999 ele.
1464 959 1608 999 deinde
1639 960 1674 999 Si

161 1031 210 1070 ad
245 1031 457 1084 imaginem
488 1032 682 1083 Apollinis
715 1043 762 1070 ea
798 1031 1010 1081 conferas,
1050 1044 1150 1083 quae
1181 1032 1264 1083 ipse
1297 1032 1442 1083 hymno
1472 1032 1511 1069 in
1544 1030 1673 1082 Apoll.

158 1115 197 1143 v.
227 1103 293 1143 36.
326 1115 383 1155 sq.
414 1102 700 1142 Callimachus:
727 1102 798 1142 καί
822 1103 899 1152 μὲν
927 1101 997 1141 αἐἰ
1027 1100 1147 1149 καλὸς
1177 1104 1248 1141 καί
1276 1101 1346 1142 ciet*
1376 1104 1484 1150 νέος·
1530 1096 1676 1141 οὔποτε

162 1176 322 1227 (Doejfi’ov
355 1177 544 1229 θηλείαις
572 1175 659 1214 ov'd’
694 1169 818 1214 ὅσσον
861 1174 931 1214 ἐπί
969 1172 1092 1227 χνόος
1134 1168 1235 1226 ἦλθε
1270 1178 1476 1226 παρειαῖς.
1543 1169 1585 1212 αἱ
1632 1172 1678 1212 δὲ

159 1249 288 1298 κόμαι
317 1253 395 1288 etc.
456 1252 495 1286 et
519 1259 620 1299 quae
650 1247 883 1299 Apollonius
916 1247 956 1286 in
988 1246 1256 1298 descriptione
1285 1246 1509 1299 apparentis
1538 1246 1678 1298 Argo-

160 1319 290 1358 nautis
322 1318 515 1371 Apollinis
545 1317 700 1358 11.674.
725 1331 837 1371 seqq.
867 1318 955 1357 coll.
979 1318 1072 1358 705.
1091 1330 1201 1369 seqq.
1232 1319 1410 1371 praebet,
1440 1319 1527 1358 talis
1549 1329 1678 1370 quae-

163 1394 253 1433 dam
285 1393 430 1431 existat
458 1391 723 1431 adumbratio:
768 1392 913 1443 prodiit
942 1391 1140 1431 Theseus:
1175 1391 1298 1443 qualis
1332 1391 1474 1444 Apollo
1513 1390 1676 1441 incedit,

161 1478 319 1518 semper
350 1466 524 1515 iuvenis,
555 1463 735 1519 φαιδρὸς
767 1465 811 1503 ἐν
842 1458 1027 1515 ὄμμασιν
1058 1464 1183 1516 (quod
1215 1465 1414 1517 proprium
1448 1463 1538 1503 huic
1570 1463 1676 1503 ado-

160 1538 381 1578 lescentiae
414 1538 509 1578 facit
539 1536 773 1589 Apollonius
802 1535 848 1576 11.
882 1536 994 1586 44),
1033 1537 1201 1576 intonsis
1230 1537 1404 1589 capillis,
1435 1539 1567 1575 mento
1599 1535 1677 1575 im-

161 1611 275 1651 berbi
307 1610 603 1651 adolescentem
636 1608 756 1648 modo
789 1620 953 1660 puerum
985 1609 1047 1649 vel
1079 1611 1160 1649 oris
1199 1609 1364 1649 sormam
1403 1608 1576 1661 virginei
1606 1619 1677 1648 re-

161 1684 322 1724 ferens:
354 1683 441 1722 talis
467 1686 552 1722 erat
580 1681 786 1731 Theseus;
831 1680 965 1732 οἷρμοῐ
993 1696 1072 1720 που
1101 1679 1273 1738 κάκείνῳ
1310 1678 1502 1733 ἐπέιρεχε
1531 1678 1680 1727 λεπτὸς

161 1754 310 1804 ἴουλος.
369 1756 428 1795 De
470 1754 621 1806 capillis
655 1753 799 1793 Thesei
831 1752 1092 1793 Callimachus
1128 1753 1301 1793 sortasse
1334 1752 1479 1805 aliquid
1511 1745 1680 1793 inseruit

161 1830 239 1880 iis,
271 1840 372 1881 quae
403 1827 627 1868 tradentem
658 1826 891 1866 Pausaniam
925 1824 953 1865 1.
988 1825 1050 1875 19,
1084 1826 1118 1865 1.
1149 1825 1394 1875 audivimus,
1425 1824 1564 1864 simile.

274 1900 387 1942 Dabo
433 1901 598 1940 formam
635 1898 968 1951 comparationis,
1012 1909 1113 1949 quae
1149 1897 1251 1937 hunc
1282 1898 1512 1937 transitum:
1543 1895 1678 1947 ἁρμοῖ

163 1990 241 2014 που
273 1967 516 2028 κάκείνῳ,
549 1971 726 2012 admittat
755 1969 964 2010 commode
994 1975 1111 2022 atque
1134 1970 1351 2023 eleganter,
1385 1969 1515 2018 aliam,
1546 1979 1597 2007 ex
1627 1977 1678 2007 co

162 2051 308 2098 poeta,
348 2045 412 2097 qui
446 2042 591 2095 aliquid
635 2044 757 2082 moris
801 2041 1055 2082 Callimachei
1097 2042 1181 2082 sive
1220 2055 1270 2081 ex
1309 2041 1394 2093 ipso
1438 2038 1676 2080 Callimacho

164 2119 373 2166 haustum,
410 2116 496 2155 sive
527 2115 605 2154 alio
638 2114 911 2154 intercedente
959 2114 1155 2154 imitatore
1188 2113 1415 2154 Callimachi
1460 2115 1677 2164 acceptum,

162 2201 259 2242 prae
288 2201 332 2229 se
361 2189 451 2229 fert.
514 2187 702 2228 Coluthus
740 2200 776 2227 v.
811 2186 904 2226 248.
934 2186 1073 2237 (244.)
1119 2198 1229 2238 seqq.
1272 2186 1322 2225 de
1365 2183 1585 2224 accedente
1629 2181 1678 2222 ad

162 2261 333 2302 Menelai
365 2260 486 2301 aedes
517 2259 680 2300 Paride:
714 2284 766 2290 —
795 2259 966 2309 ἵστατο,
995 2259 1268 2314 θεσπεσίῃσιν
1298 2254 1571 2310 ἀγαλλόμενος
1599 2271 1679 2307 χα-

165 2335 357 2388 ρίτεσσιν.
417 2332 470 2373 ου’
496 2332 573 2373 Διῒ
595 2337 703 2373 τοῖον
732 2328 887 2372 ἔτικτεν
925 2328 1130 2384 ἐπήρατον
1161 2326 1233 2372 υἷα
1277 2329 1454 2381 Θυώνη·
1510 2323 1679 2380 ἱλήκοις,

165 2407 369 2455 Διόνυσε,
399 2405 472 2447 καί
498 2404 537 2445 εἰ
565 2401 668 2451 Διός
697 2404 784 2444 ἐσσι
816 2405 1034 2455 γενέθλης·
1083 2398 1206 2448 καλὸς
1228 2398 1298 2452 ἔην
1328 2399 1586 2446 κάκεῖνος
1615 2398 1677 2437 ἐπ’

167 2480 360 2534 ἀγλαΐῃσι
390 2476 628 2532 προσώπου.
677 2475 744 2514 ubi
775 2473 847 2514 καί
874 2478 1004 2519 κεῖνος
1031 2473 1069 2513 ἰη
1092 2485 1170 2513 uno
1202 2473 1405 2524 alteroque
1427 2471 1541 2520 libro,
1561 2470 1679 2509 etiam

166 2552 449 2604 Neapolitano;
491 2549 669 2590 Graetius
715 2557 826 2586 meus
867 2557 917 2584 ex
965 2544 1043 2585 alio
1086 2547 1158 2585 και·
1198 2547 1350 2592 ἐκεῑιος
1401 2542 1676 2596 praeferebat:

167 2622 284 2675 vulgo
324 2622 537 2671 κάκεῖνος,
583 2620 754 2660 fortasse
791 2621 913 2657 recte.
985 2613 1164 2669 ἱλήκοις,
1195 2614 1403 2665 Διόνυσε,
1437 2612 1677 2667 deprecandi

169 2693 399 2742 formulam,
429 2692 614 2732 Coluthus
643 2693 691 2732 ab
724 2691 865 2732 Nonno
910 2689 1054 2739 habet,
1093 2691 1202 2728 cuius
1235 2688 1411 2740 exempla
1454 2691 1542 2736 tot,
1583 2688 1678 2736 quot

169 2764 429 2816 sufficiebant,
464 2763 714 2804 Wernickius
749 2762 848 2814 apud
871 2760 1088 2800 Bekkerum
1122 2759 1248 2808 dedit3
1278 2771 1370 2812 ego,
1401 2770 1516 2810 quum
1549 2757 1678 2796 obiter

169 2836 334 2877 collecta
385 2835 573 2885 habeam,
625 2837 752 2875 omnia
807 2833 1005 2874 indicabo.
1095 2832 1212 2884 igitur
1260 2828 1392 2881 ἱλήκοι
1452 2829 1676 2881 Κροιιῦης,
