1856 3126
780 120 1058 158 —30—

418 225 468 272 τὰ
503 231 620 273 δεινοὶ
650 236 733 274 τῶν
760 238 923 290 θηρίων
953 238 1026 291 γῆς
1057 241 1165 278 εῖναι
1195 236 1289 293 ἔφη.

144 319 183 347 v.
216 305 364 346 Callim,
399 305 460 344 Fr.
492 306 760 346 CCCLXXVI.

261 377 294 416 A
338 377 519 429 Neptuno
567 379 785 418 immissum
825 379 1085 420 Cretensibus
1135 385 1315 433 taurum,
1363 387 1404 422 et
1443 383 1492 421 ab
1537 382 1681 422 eodem

145 453 450 500 exasperatum,
482 451 601 490 etiam
630 451 733 503 apud
763 451 1043 492 Callimachum
1079 452 1201 492 fuisse
1221 483 1233 500 ,
1276 466 1353 493 non
1397 455 1445 494 ab
1478 455 1599 505 love,
1641 460 1683 495 ut

144 525 259 561 vetus
289 522 487 572 interpres
516 522 628 562 Statii
659 523 708 562 ad
744 522 866 562 Theb.
898 524 941 563 V.
967 521 1062 563 441.
1095 536 1226 575 neque
1257 537 1308 563 ex
1338 525 1431 565 luna
1463 525 1683 578 delapsum,

146 598 188 634 ut
216 593 316 633 alius
350 594 495 644 tradit,
534 596 879 635 consentientibus
921 597 1141 635 Pausaniae
1181 601 1220 636 et
1247 595 1497 648 Apollodoro
1544 597 1683 646 credo,

146 671 186 707 et
217 666 397 707 Isocrati.
469 667 601 719 Atque
633 667 868 719 Apollodori
904 667 1065 707 verbis:
1111 668 1176 720 ἐφ’
1215 662 1276 714 οἷς
1319 668 1570 720 ὀργισθέντα
1613 666 1683 709 τὸν

143 737 247 779 θεὸν
280 738 489 791 ἀγριῶσαι
522 739 595 778 τόν
624 741 801 790 ταῦρον,
833 744 871 779 et
900 738 1113 792 ὀργισθείς
1146 740 1191 778 δὲ
1226 741 1343 795 αὐτῷ
1375 740 1601 780 Ποσειδῶν
1630 766 1682 772 —

143 812 290 850 τοῦτον
321 812 397 861 μὲν
423 815 621 860 (taurum)
657 811 897 863 ἐξηγρίωσε,
930 811 1100 851 feliciter
1130 812 1380 851 annectimus
1403 812 1681 865 Fragmentum

147 882 320 923 Hecales
353 883 472 922 XLVI
489 885 527 922 ὅθ.
587 883 750 926 Immisit
781 884 984 935 Neptunus
1014 888 1128 924 tauro
1159 888 1360 935 oestrum,

318 953 550 1005 βουσσόον,
584 951 678 995 ὅντε
709 955 867 1005 μι’ωηα
898 957 1009 1006 βοῶν
1039 959 1262 997 καλέουσιν
1290 952 1501 1009 ἀμορβοί,

151 1038 283 1078 eoque
315 1027 353 1065 in
385 1025 537 1065 rabiem
570 1027 664 1078 egit.
725 1028 840 1067 Anna
862 1028 976 1067 Fabri
1007 1040 1165 1067 versum
1197 1029 1247 1068 ad
1275 1028 1381 1076 Ἰοῦς
1412 1023 1558 1082 ἄφιξιν
1586 1039 1684 1079 per-

148 1099 277 1137 tinere
308 1098 607 1149 suspicabatur,
637 1110 671 1149 p.
704 1098 798 1138 369.
842 1099 903 1138 ed.
937 1100 1029 1138 Ern.
1103 1100 1326 1140 Emendato
1372 1113 1393 1140 a
1437 1112 1482 1139 se
1527 1100 1567 1138 in
1610 1111 1683 1139 sua

142 1169 368 1222 Fragment.
402 1169 552 1209 Gallim.
585 1169 825 1209 collectione
856 1183 891 1222 p.
917 1171 1010 1211 385.
1045 1172 1107 1211 ed.
1128 1161 1223 1212 Ern.
1256 1184 1374 1212 versu
1405 1174 1524 1211 utitur
1547 1171 1683 1222 Span—

145 1241 300 1281 heniius
334 1241 383 1280 ad
414 1241 452 1280 h.
486 1242 599 1281 Dian.
634 1242 701 1281 45.
733 1243 800 1282 ubi
828 1254 971 1282 vocem
1004 1242 1191 1294 α’μορβός
1223 1245 1410 1298 explicat,
1445 1245 1508 1283 cui
1543 1242 1684 1294 dispu-

146 1313 290 1353 tationi
320 1313 548 1353 addendum
581 1315 737 1366 Fragm.
770 1314 910 1354 Blomf.
942 1315 1224 1355 CCCCLXXV.
1258 1316 1361 1355 infra
1393 1316 1486 1367 Cap.
1518 1314 1580 1354 VI.
1624 1315 1684 1354 De

147 1389 286 1426 oestro
319 1387 405 1424 sive
435 1385 604 1435 μύωηιε
645 1398 725 1425 non
758 1391 852 1438 puto
887 1389 992 1426 enim
1026 1393 1215 1427 accurate
1249 1388 1507 1428 observatum
1551 1388 1685 1439 poetis

153 1456 373 1495 discrimen
405 1467 521 1505 osse,
565 1455 672 1507 quod
711 1456 862 1497 scholia
904 1458 1107 1510 Apollonii
1141 1459 1242 1499 locis
1285 1462 1413 1499 statim
1457 1459 1686 1499 indicandis

151 1528 257 1567 inter
287 1533 496 1580 utrumque
528 1528 705 1568 faciunt:
740 1529 868 1569 bobus
898 1530 1064 1580 infesto,
1098 1537 1258 1582 praeter
1288 1531 1501 1584 βοηλάτην
1528 1530 1686 1582 μύωπα

150 1600 357 1652 Aeschyli,
372 1601 421 1640 cf.
437 1601 673 1652 Apollonius
690 1602 817 1641 Rhod.
837 1602 863 1642 Ι.
888 1602 1004 1643 1965.
1023 1601 1079 1650 ὥς
1100 1604 1137 1643 δ’
1154 1602 1220 1644 ὅτε
1238 1602 1298 1650 τίς
1314 1618 1356 1642 τε
1370 1603 1513 1652 μύωπι
1533 1617 1687 1653 τετυμ-

151 1673 275 1724 μένος
302 1669 451 1712 ἔσσυτο
473 1674 642 1725 ταῦρος,
677 1699 730 1704 -
750 1679 789 1714 et
817 1676 882 1727 qui
913 1677 1041 1728 magis
1068 1675 1338 1715 memorabilis
1363 1675 1490 1724 locus,
1510 1674 1684 1714 111.276.

151 1745 190 1784 7.
210 1744 434 1796 τετρηχώς,
468 1738 555 1784 οἷόν
582 1759 625 1784 τε
655 1745 768 1792 νέαις
797 1746 866 1786 ἐπί
895 1746 1107 1799 φορβάσιν
1137 1744 1302 1799 οἶστρος
1327 1747 1528 1797 τέλλεται,
1558 1742 1685 1786 ὅντε

151 1812 349 1867 μύωπα
379 1816 519 1865 βοῶν
548 1815 802 1857 κλείουσι
831 1821 1042 1870 νομῆες.
1084 1820 1190 1871 quod
1214 1819 1404 1859 scribenti
1435 1818 1560 1870 ipsum
1581 1818 1686 1856 hunc

154 1897 313 1924 versum
347 1890 526 1926 nostrum
569 1900 619 1927 ex
648 1888 796 1943 Hecale
839 1889 1091 1929 obversatum
1139 1902 1229 1930 esse
1262 1890 1367 1930 haud
1409 1889 1528 1929 dubie
1572 1893 1685 1928 recte

156 1958 292 1996 statuit
323 1957 552 1997 Gerhardus
594 1959 703 1999 Lect.
736 1961 990 2012 Apollonian.
1024 1974 1061 2014 p.
1097 1963 1134 2002 9.
1198 1962 1255 2002 Cf.
1293 1961 1558 2015 Tryphiodor.
1589 1960 1684 2001 361.

157 2028 312 2069 Colulh.
342 2028 408 2069 43.

272 2101 429 2140 Deinde
462 2103 671 2141 immanem
705 2103 888 2154 beluam,
921 2117 1038 2157 quum
1071 2106 1228 2145 Cretam
1256 2109 1479 2155 vastasset,
1511 2103 1689 2144 transla-

159 2177 239 2213 tam
269 2174 318 2212 ab
349 2174 520 2214 Hercule
549 2176 586 2214 in
617 2175 935 2228 Peloponnesum
966 2191 1078 2227 esse,
1113 2183 1231 2230 atque
1262 2177 1353 2217 hinc
1385 2179 1582 2218 invasisse
1612 2178 1690 2217 At-

160 2247 305 2297 ticam,
340 2251 379 2285 et
408 2246 446 2285 in
475 2259 654 2299 campum
687 2250 968 2288 excucurrisse
997 2249 1314 2299 Marathonium,

426 2316 608 2358 ἐννὸτιον
641 2321 925 2373 Μαραθῶνα,

158 2401 249 2428 cum
278 2390 578 2443 mythographis
606 2394 793 2431 narrabat
822 2398 953 2445 poeta.
1011 2393 1091 2433 Sed
1131 2392 1236 2444 quod
1280 2391 1355 2431 hac
1396 2392 1689 2443 opportunitate

160 2461 331 2515 inserui,
362 2463 518 2515 Fragm.
551 2463 685 2503 CCCL.
721 2466 836 2504 etiam
870 2465 971 2505 infra
1001 2465 1237 2505 collocatum
1269 2477 1360 2504 esse
1389 2466 1535 2516 potuit,
1568 2463 1606 2502 in
1637 2474 1687 2502 eo

160 2532 267 2582 quod
298 2535 414 2574 nobis
445 2535 569 2587 Caput
598 2535 694 2575 Vlll.
727 2541 812 2587 est,
844 2536 906 2576 vel
938 2542 1123 2588 poemate
1156 2537 1248 2576 alio.
1316 2536 1378 2575 Ex
1405 2535 1554 2575 Hecale
1596 2545 1688 2574 esse

161 2603 237 2642 iam
272 2608 446 2647 coniecit
473 2608 680 2648 Brodaeus
712 2609 750 2648 in
779 2609 938 2649 Anthol.
963 2610 1026 2649 Gr.
1057 2622 1092 2661 p.
1122 2608 1211 2651 134.
1275 2609 1350 2656 Qui
1380 2613 1495 2647 tauro
1523 2607 1689 2658 primum

159 2676 210 2714 ab
244 2676 338 2715 love
369 2678 542 2719 furorem
574 2681 809 2730 subiectum,
839 2686 879 2720 ut
909 2681 1156 2721 Cretensium
1188 2692 1309 2733 agros
1340 2692 1389 2719 ac
1423 2679 1582 2718 moenia
1615 2689 1690 2716 va-

158 2749 297 2795 staret,
330 2748 481 2796 scribit,
513 2750 709 2801 interpres
738 2752 871 2801 Statii,
905 2752 1009 2793 idem
1042 2752 1120 2791 hoc
1154 2752 1296 2801 babet,
1326 2752 1422 2803 ipsi,
1448 2751 1524 2789 nisi
1556 2749 1686 2797 fallor,

158 2822 279 2869 atque
310 2818 400 2858 inde
430 2819 731 2874 lllythographis
764 2823 853 2862 Maii
884 2836 918 2875 p.
959 2825 1019 2863 15.
1049 2828 1087 2862 et
1126 2825 1214 2863 115.
1247 2823 1309 2862 ed.
1343 2822 1438 2862 Bod.
1473 2821 1699 2873 proprium⁹>
