1856 3126
819 125 1093 162 -33—

191 254 255 281 me
289 241 483 292 disputata
515 241 593 281 sint
630 240 746 280 velim
790 241 920 280 lector
964 241 1197 290 meminerit.
1265 240 1356 280 Mihi
1394 241 1500 293 quod
1540 253 1721 283 versum:

192 311 265 352 καί
296 312 429 363 νήσων
461 314 646 353 ἐπέτεινε
677 315 716 365 β.
750 313 784 362 ζ.
820 311 920 364 αιῗχ.
957 314 1136 363 Imaum,
1181 317 1220 352 et
1250 313 1362 353 illos:
1402 311 1570 353 Σκύλλα
1615 311 1717 367 γυνή

189 383 407 422 >satanica
440 389 516 423 etc.
552 386 800 438 πορφυρέην
832 389 907 424 etc.
939 385 1097 434 attinet,
1127 396 1215 424 mea
1245 397 1350 425 nunc
1381 397 1499 438 supra
1531 389 1720 426 enarrata

191 454 390 494 sententia
412 486 423 506 ,
456 467 532 508 qua
562 455 625 495 illa
656 456 831 496 Hecatae
862 455 1093 508 assignavi,
1123 456 1326 507 probatur.

917 618 981 658 111.

299 751 339 791 Si
370 764 465 792 vera
492 752 592 802 sint,
634 765 736 805 quae
766 753 815 792 de
854 753 1092 805 Fragmento
1133 751 1280 791 CCXII.
1327 751 1549 803 disputavi,
1593 751 1714 805 digna

181 822 294 872 poesi
328 824 442 874 epica
473 827 709 877 conversio,
747 830 940 877 aptusque
982 825 1032 865 ad
1074 824 1239 864 heroem
1283 825 1470 863 carminis
1513 822 1710 864 Theseum

180 894 369 933 transitus
401 900 504 935 crat:
543 896 614 936 καί
641 895 692 936 τοὶ
723 898 802 948 μὲν
831 892 886 943 ὥς
928 891 1080 949 ἤμελλε
1111 893 1216 946 μετὰ
1246 893 1401 946 χρόνον
1435 896 1714 935 ἐκτελέεσθαι.

183 964 292 1005 Tunc
322 971 453 1006 cadem
485 967 599 1007 aliud
626 972 719 1007 ante
753 981 896 1007 vesanus
929 973 1039 1018 erat,
1071 980 1148 1019 qno
1180 967 1373 1006 iuveniles
1406 967 1516 1005 eires
1545 966 1714 1017 experi-

178 1042 314 1087 retur,
354 1038 530 1078 Theseo.-
560 1044 702 1078 tcum-us
733 1039 1028 1078 Marathonius.
1089 1040 1159 1079 Cui
1188 1039 1250 1079 illa
1282 1050 1362 1078 non
1393 1039 1713 1091 approbaverim,

179 1109 213 1147 is
243 1109 360 1148 alium
394 1111 641 1162 excogitabit
682 1110 868 1158 modum,
905 1123 983 1163 quo
1026 1111 1076 1151 ad
1114 1111 1310 1150 Theseum
1352 1121 1550 1150 conversa
1592 1110 1712 1151 fuerit

177 1182 368 1220 narratio.

292 1253 350 1292 De
383 1253 525 1292 Thesei
554 1253 747 1304 pueritia,
779 1253 983 1305 primaque
1019 1253 1307 1305 adolescentia,
1341 1253 1488 1306 aliquid
1519 1254 1710 1294 insertum

177 1323 314 1377 fuisse,
344 1325 408 1363 ubi
439 1325 606 1376 primum
638 1330 756 1376 poeta
786 1325 1033 1377 producebat
1063 1325 1273 1376 Theseum,
1306 1331 1383 1365 tum
1415 1327 1544 1377 quivis
1572 1337 1645 1377 per
1663 1337 1710 1365 se

177 1397 263 1448 ipse
293 1397 536 1447 coniecerit,
566 1401 645 1435 tum
686 1398 907 1449 fragmenta
947 1397 1136 1436 nonnulla
1169 1397 1368 1448 suadent,
1416 1408 1519 1450 quae
1568 1401 1711 1449 sponte

180 1472 293 1521 quasi
323 1482 412 1509 eum
449 1471 486 1509 in
518 1469 634 1508 finem
668 1472 771 1510 inter
800 1483 844 1510 se
877 1475 1035 1510 coeunt.
1095 1471 1262 1510 Primum
1290 1470 1485 1521 ponimus,
1515 1469 1712 1509 Plutarchi

176 1541 293 1581 Thes.
324 1553 357 1580 c.
390 1541 428 1580 3.
459 1541 631 1581 iudicio:
672 1542 841 1594 Θησέως
871 1539 917 1582 τὸ
951 1544 1027 1593 μὲν
1057 1542 1250 1597 πατρῷον
1278 1542 1393 1593 γένος
1423 1540 1482 1587 εἷς
1512 1539 1711 1592 Ἐρεχθέα

177 1608 248 1651 καί
272 1608 370 1658 τοιῖς
402 1609 594 1663 πρώτους
621 1610 893 1664 αὐτόχθονας
925 1608 1087 1664 ἀνήκει·
1135 1613 1193 1669 τῷ
1225 1613 1270 1652 δὲ
1305 1611 1486 1668 μητρῴῳ
1519 1610 1712 1652 Πελοπί-

178 1682 251 1734 δης
290 1676 363 1734 ἧνῑ
401 1695 478 1734 qno
509 1686 627 1724 etiam
662 1697 746 1736 cap,
785 1685 847 1723 19.
881 1689 1042 1724 narrata
1074 1684 1124 1723 de
1163 1685 1325 1738 αἰεψιῴ
1354 1683 1498 1723 Thesei
1528 1683 1711 1723 Daedalo

178 1753 404 1793 adhibenda
439 1761 553 1804 sunt,
583 1757 861 1809 Fragmentum
895 1757 991 1796 Hec.
1020 1757 1105 1796 LXI
1122 1758 1160 1795 ’²²2
1229 1756 1402 1796 Narrant
1432 1755 1593 1797 Scholia
1621 1756 1711 1795 Ho-

175 1826 327 1866 merica
362 1827 411 1865 ad
446 1827 552 1867 lliad.
581 1827 624 1866 ll.
659 1827 754 1866 547.
792 1827 842 1867 de
871 1831 960 1866 ortu
983 1826 1220 1876 Erechthei,
1253 1827 1363 1879 regis
1392 1826 1710 1876 Atheniensium,

176 1897 252 1936 τοῦ
282 1897 353 1937 καί
381 1897 640 1949 Ἐριχθονίου
671 1901 957 1949 καλουμένου,
994 1900 1172 1951 genitum
1214 1910 1307 1938 esse
1337 1910 1358 1938 a
1390 1899 1595 1948 Vulcano,
1627 1909 1709 1938 no-

178 1973 258 2007 tam
288 1969 459 2009 fabulam
490 1971 750 2022 obscoenam,
782 1973 946 2023 eiusque
972 1972 1031 2011 rei
1060 1972 1099 2011 in
1119 1972 1237 2011 fidem
1267 1972 1533 2012 testimonium
1561 1970 1710 2011 addunt

177 2039 429 2080 Callimachi:

538 2110 705 2163 ἱστορεῖ
731 2115 1010 2166 Καλλιζιιαχος
1038 2115 1082 2155 ἐν
1103 2113 1266 2170 Ἑκάλῃ.

175 2181 218 2221 ἐν
240 2178 387 2238 Ἑκάλῃ
421 2184 573 2223 scholia
607 2190 754 2224 tantum
798 2185 975 2235 minora,
1017 2198 1049 2225 s.
1083 2185 1267 2238 Didymi,
1308 2185 1505 2226 adiectum
1546 2184 1707 2240 habent,

176 2258 215 2293 et
245 2253 352 2306 quod
381 2266 458 2306 ego
495 2254 613 2304 addo,
649 2255 890 2307 Spanhemio
922 2256 971 2294 act
1001 2256 1150 2296 Callim.
1181 2257 1417 2308 Fragmenta
1449 2267 1470 2294 a
1502 2267 1547 2295 se
1579 2256 1708 2297 colle-

177 2329 240 2364 cta
272 2338 309 2376 p.
338 2326 432 2365 388.
468 2326 547 2365 vn.
584 2327 646 2365 ed.
687 2327 781 2366 Ern.
814 2332 1011 2378 testante,
1044 2327 1175 2368 Scliol.
1206 2328 1311 2370 MSS.
1348 2327 1438 2366 olim
1471 2328 1520 2371 Is.
1551 2328 1707 2368 Vossii:

177 2401 218 2436 ut
245 2397 341 2436 nihil
371 2397 527 2438 dubites
558 2399 650 2450 quin
683 2403 794 2438 recte
824 2400 872 2438 sit
895 2400 1104 2439 adiectum.
1164 2399 1287 2451 Igitur
1306 2397 1584 2450 Callimachus,
1616 2399 1708 2440 dum

177 2470 402 2520 prosapiam
436 2469 569 2509 laudat
599 2470 766 2519 Thesei,
801 2473 1027 2511 consistens
1059 2471 1272 2523 paullisper
1305 2471 1341 2510 in
1374 2475 1539 2510 auctore
1576 2482 1709 2525 gene-

179 2540 234 2577 ris
256 2570 267 2588 ,
308 2541 357 2580 de
388 2542 615 2582 Erechtheo
657 2544 742 2582 sive
774 2543 1057 2592 Erichthonio,
1089 2555 1186 2582 vero
1219 2541 1502 2582 Autochthone
1522 2574 1532 2592 ,
1566 2544 1705 2583 miram

181 2612 308 2664 attigit
342 2613 524 2653 fabulam.
584 2614 633 2654 Ut
665 2616 889 2665 exspectari
929 2619 1084 2666 poterat
1114 2627 1135 2653 a
1168 2614 1287 2654 docto
1329 2619 1461 2666 poeta.
1519 2614 1602 2653 Etsi
1629 2625 1706 2653 nec

179 2681 244 2720 diu
279 2688 470 2723 moratum
502 2698 592 2724 osse
635 2686 672 2724 in
706 2685 783 2725 hoc
815 2690 1048 2737 argumento
1089 2690 1271 2736 poetam,
1313 2689 1352 2724 et
1393 2684 1604 2734 modeste,
1633 2696 1705 2736 per

176 2755 366 2806 ambages
403 2757 609 2805 quasdam,
641 2757 775 2796 verbis
807 2758 1029 2809 exquisiti&
1062 2758 1306 2798 obs-‘coenam
1338 2769 1420 2795 rem
1443 2755 1703 2796 adumbrasse

169 2817 275 2879 puto.
337 2826 383 2866 Ut
416 2828 454 2866 in
488 2828 607 2867 rebus
641 2829 888 2869 naturalibus
919 2829 1184 2870 enunciandis
1217 2827 1501 2879 Callimachus,
1531 2827 1596 2868 ubi
1626 2839 1703 2868 ve-
