<?xml version="1.0" encoding="UTF-8"?>
<!DOCTYPE html PUBLIC "-//W3C//DTD XHTML 1.0 Transitional//EN"
    "http://www.w3.org/TR/xhtml1/DTD/xhtml1-transitional.dtd">
<html xmlns="http://www.w3.org/1999/xhtml" xml:lang="en" lang="en">
 <head>
  <title>
</title>
<meta http-equiv="Content-Type" content="text/html;charset=utf-8" />
  <meta name='ocr-system' content='tesseract 3.04.00' />
  <meta name='ocr-capabilities' content='ocr_page ocr_carea ocr_par ocr_line ocrx_word'/>
</head>
<body>
  <div class='ocr_page' id='page_1' title='image "./opusculaphilolog02naekuoft/opusculaphilolog02naekuoft_0023.png"; bbox 0 0 1820 3141; ppageno 0'>
   <div class='ocr_carea' id='block_1_1' title="bbox 802 137 1074 175">
    <p class='ocr_par' dir='ltr' id='par_1_1' title="bbox 802 137 1074 175">
     <span class='ocr_line' id='line_1_1' title="bbox 802 137 1074 175; baseline -0.004 -11"><span class='ocrx_word' id='word_1_1' title='bbox 802 137 1074 175; x_wconf 73' lang='lat'><strong>-13-</strong></span> 
     </span>
    </p>
   </div>
   <div class='ocr_carea' id='block_1_2' title="bbox 172 245 1702 2909">
    <p class='ocr_par' dir='ltr' id='par_1_2' title="bbox 174 245 1702 1240">
     <span class='ocr_line' id='line_1_2' title="bbox 182 245 1702 306; baseline 0 -13"><span class='ocrx_word' id='word_1_2' title='bbox 182 245 364 306; x_wconf 84' lang='lat' dir='ltr'>pertinet.</span> <span class='ocrx_word' id='word_1_3' title='bbox 423 250 702 295; x_wconf 84' lang='lat' dir='ltr'>Callimachum</span> <span class='ocrx_word' id='word_1_4' title='bbox 735 250 813 291; x_wconf 87' lang='lat' dir='ltr'>hoe</span> <span class='ocrx_word' id='word_1_5' title='bbox 846 254 1005 306; x_wconf 80' lang='lat' dir='ltr'>egisse,</span> <span class='ocrx_word' id='word_1_6' title='bbox 1045 265 1159 306; x_wconf 87' lang='lat' dir='ltr'>quum</span> <span class='ocrx_word' id='word_1_7' title='bbox 1198 253 1247 293; x_wconf 89' lang='lat' dir='ltr'>ad</span> <span class='ocrx_word' id='word_1_8' title='bbox 1277 252 1449 292; x_wconf 85' lang='lat' dir='ltr'>Hecalen</span> <span class='ocrx_word' id='word_1_9' title='bbox 1484 264 1529 293; x_wconf 90' lang='lat' dir='ltr'>se</span> <span class='ocrx_word' id='word_1_10' title='bbox 1561 253 1702 293; x_wconf 87' lang='lat' dir='ltr'>accin-</span> 
     </span>
     <span class='ocr_line' id='line_1_3' title="bbox 180 322 1700 377; baseline 0.001 -13"><span class='ocrx_word' id='word_1_11' title='bbox 180 328 306 377; x_wconf 86' lang='lat' dir='ltr'>geret,</span> <span class='ocrx_word' id='word_1_12' title='bbox 337 326 378 362; x_wconf 88' lang='lat' dir='ltr'>ut</span> <span class='ocrx_word' id='word_1_13' title='bbox 398 322 704 362; x_wconf 80' lang='lat' dir='ltr'>calumniatores</span> <span class='ocrx_word' id='word_1_14' title='bbox 729 334 824 363; x_wconf 92' lang='lat' dir='ltr'>suos</span> <span class='ocrx_word' id='word_1_15' title='bbox 851 325 1055 375; x_wconf 77' lang='lat' dir='ltr'>refutaret,</span> <span class='ocrx_word' id='word_1_16' title='bbox 1083 330 1122 364; x_wconf 85' lang='lat' dir='ltr'>et</span> <span class='ocrx_word' id='word_1_17' title='bbox 1149 325 1296 365; x_wconf 85' lang='lat' dir='ltr'>diserte</span> <span class='ocrx_word' id='word_1_18' title='bbox 1324 325 1441 365; x_wconf 89' lang='lat' dir='ltr'>tradit</span> <span class='ocrx_word' id='word_1_19' title='bbox 1457 324 1700 366; x_wconf 85' lang='lat' dir='ltr'>Scholiastes</span> 
     </span>
     <span class='ocr_line' id='line_1_4' title="bbox 181 393 1700 449; baseline 0.001 -14"><span class='ocrx_word' id='word_1_20' title='bbox 181 393 412 435; x_wconf 87' lang='lat' dir='ltr'>Callimachi</span> <span class='ocrx_word' id='word_1_21' title='bbox 442 393 466 433; x_wconf 90' lang='lat' dir='ltr'>l.</span> <span class='ocrx_word' id='word_1_22' title='bbox 498 394 522 433; x_wconf 88' lang='lat' dir='ltr'>l.</span> <span class='ocrx_word' id='word_1_23' title='bbox 555 399 593 433; x_wconf 91' lang='lat' dir='ltr'>et</span> <span class='ocrx_word' id='word_1_24' title='bbox 633 395 709 435; x_wconf 89' lang='lat' dir='ltr'>alia</span> <span class='ocrx_word' id='word_1_25' title='bbox 743 400 900 435; x_wconf 82' lang='lat' dir='ltr'>exstant</span> <span class='ocrx_word' id='word_1_26' title='bbox 929 398 1163 437; x_wconf 87' lang='lat' dir='ltr'>simultatum</span> <span class='ocrx_word' id='word_1_27' title='bbox 1183 429 1193 448; x_wconf 89' lang='lat'>,</span> <span class='ocrx_word' id='word_1_28' title='bbox 1225 409 1322 449; x_wconf 87' lang='lat' dir='ltr'>quas</span> <span class='ocrx_word' id='word_1_29' title='bbox 1351 409 1399 437; x_wconf 91' lang='lat' dir='ltr'>ea</span> <span class='ocrx_word' id='word_1_30' title='bbox 1431 396 1559 437; x_wconf 81' lang='lat' dir='ltr'>aetate</span> <span class='ocrx_word' id='word_1_31' title='bbox 1591 397 1700 436; x_wconf 83' lang='lat' dir='ltr'>seri-</span> 
     </span>
     <span class='ocr_line' id='line_1_5' title="bbox 177 465 1699 520; baseline 0.001 -14"><span class='ocrx_word' id='word_1_32' title='bbox 177 471 314 519; x_wconf 83' lang='lat' dir='ltr'>ptores</span> <span class='ocrx_word' id='word_1_33' title='bbox 345 477 481 505; x_wconf 89' lang='lat' dir='ltr'>seeum</span> <span class='ocrx_word' id='word_1_34' title='bbox 523 465 725 515; x_wconf 88' lang='lat' dir='ltr'>invicem,</span> <span class='ocrx_word' id='word_1_35' title='bbox 766 470 806 505; x_wconf 90' lang='lat' dir='ltr'>et</span> <span class='ocrx_word' id='word_1_36' title='bbox 847 467 1018 505; x_wconf 81' lang='lat' dir='ltr'>maxime</span> <span class='ocrx_word' id='word_1_37' title='bbox 1051 467 1312 508; x_wconf 82' lang='lat' dir='ltr'>Callimachus</span> <span class='ocrx_word' id='word_1_38' title='bbox 1356 480 1442 507; x_wconf 89' lang='lat' dir='ltr'>cum</span> <span class='ocrx_word' id='word_1_39' title='bbox 1472 467 1699 520; x_wconf 83' lang='lat' dir='ltr'>Apollonio,</span> 
     </span>
     <span class='ocr_line' id='line_1_6' title="bbox 176 537 1700 593; baseline 0.001 -16"><span class='ocrx_word' id='word_1_40' title='bbox 176 537 422 587; x_wconf 87' lang='lat' dir='ltr'>habuerunt,</span> <span class='ocrx_word' id='word_1_41' title='bbox 450 537 645 589; x_wconf 81' lang='lat' dir='ltr'>vestigia3</span> <span class='ocrx_word' id='word_1_42' title='bbox 686 541 748 588; x_wconf 85' lang='lat' dir='ltr'>et,</span> <span class='ocrx_word' id='word_1_43' title='bbox 789 538 824 577; x_wconf 90' lang='lat' dir='ltr'>si</span> <span class='ocrx_word' id='word_1_44' title='bbox 863 537 960 577; x_wconf 89' lang='lat' dir='ltr'>nihil</span> <span class='ocrx_word' id='word_1_45' title='bbox 999 538 1184 579; x_wconf 88' lang='lat' dir='ltr'>traditum</span> <span class='ocrx_word' id='word_1_46' title='bbox 1229 540 1424 580; x_wconf 89' lang='lat' dir='ltr'>eiusmodi</span> <span class='ocrx_word' id='word_1_47' title='bbox 1459 540 1700 593; x_wconf 83' lang='lat' dir='ltr'>legeremus,</span> 
     </span>
     <span class='ocr_line' id='line_1_7' title="bbox 177 610 1700 663; baseline 0.001 -13"><span class='ocrx_word' id='word_1_48' title='bbox 177 614 318 662; x_wconf 88' lang='lat' dir='ltr'>sponte</span> <span class='ocrx_word' id='word_1_49' title='bbox 348 610 515 661; x_wconf 88' lang='lat' dir='ltr'>quisque</span> <span class='ocrx_word' id='word_1_50' title='bbox 542 611 596 649; x_wconf 87' lang='lat' dir='ltr'>ita</span> <span class='ocrx_word' id='word_1_51' title='bbox 623 611 857 663; x_wconf 75' lang='lat' dir='ltr'>conficeret,</span> <span class='ocrx_word' id='word_1_52' title='bbox 893 623 975 651; x_wconf 91' lang='lat' dir='ltr'>non</span> <span class='ocrx_word' id='word_1_53' title='bbox 1008 611 1132 651; x_wconf 81' lang='lat' dir='ltr'>fuisse</span> <span class='ocrx_word' id='word_1_54' title='bbox 1159 610 1263 651; x_wconf 89' lang='lat' dir='ltr'>illam</span> <span class='ocrx_word' id='word_1_55' title='bbox 1288 613 1461 653; x_wconf 83' lang='lat' dir='ltr'>virorum</span> <span class='ocrx_word' id='word_1_56' title='bbox 1491 613 1700 653; x_wconf 85' lang='lat' dir='ltr'>doctorum</span> 
     </span>
     <span class='ocr_line' id='line_1_8' title="bbox 176 681 1698 739; baseline 0.003 -16"><span class='ocrx_word' id='word_1_57' title='bbox 176 683 412 723; x_wconf 82' lang='lat' dir='ltr'>societatem</span> <span class='ocrx_word' id='word_1_58' title='bbox 443 681 491 720; x_wconf 91' lang='lat' dir='ltr'>ab</span> <span class='ocrx_word' id='word_1_59' title='bbox 524 682 699 723; x_wconf 88' lang='lat' dir='ltr'>invidiae</span> <span class='ocrx_word' id='word_1_60' title='bbox 730 683 844 735; x_wconf 86' lang='lat' dir='ltr'>labe,</span> <span class='ocrx_word' id='word_1_61' title='bbox 875 684 1175 736; x_wconf 84' lang='lat' dir='ltr'>calumniaeque</span> <span class='ocrx_word' id='word_1_62' title='bbox 1217 688 1334 736; x_wconf 86' lang='lat' dir='ltr'>atque</span> <span class='ocrx_word' id='word_1_63' title='bbox 1374 686 1454 725; x_wconf 92' lang='lat' dir='ltr'>odii</span> <span class='ocrx_word' id='word_1_64' title='bbox 1483 687 1698 739; x_wconf 85' lang='lat' dir='ltr'>perturba-</span> 
     </span>
     <span class='ocr_line' id='line_1_9' title="bbox 176 754 1696 809; baseline 0.001 -13"><span class='ocrx_word' id='word_1_65' title='bbox 176 755 350 796; x_wconf 82' lang='lat' dir='ltr'>tionibus</span> <span class='ocrx_word' id='word_1_66' title='bbox 394 754 576 794; x_wconf 84' lang='lat' dir='ltr'>liberam.</span> <span class='ocrx_word' id='word_1_67' title='bbox 651 754 930 795; x_wconf 84' lang='lat' dir='ltr'>Verumtamen</span> <span class='ocrx_word' id='word_1_68' title='bbox 963 759 1005 795; x_wconf 89' lang='lat' dir='ltr'>ut</span> <span class='ocrx_word' id='word_1_69' title='bbox 1046 757 1085 795; x_wconf 89' lang='lat' dir='ltr'>in</span> <span class='ocrx_word' id='word_1_70' title='bbox 1127 754 1274 807; x_wconf 85' lang='lat' dir='ltr'>Hecale</span> <span class='ocrx_word' id='word_1_71' title='bbox 1312 766 1473 806; x_wconf 90' lang='lat' dir='ltr'>operam</span> <span class='ocrx_word' id='word_1_72' title='bbox 1513 762 1696 809; x_wconf 88' lang='lat' dir='ltr'>poneret,</span> 
     </span>
     <span class='ocr_line' id='line_1_10' title="bbox 176 825 1694 880; baseline 0.001 -13"><span class='ocrx_word' id='word_1_73' title='bbox 176 827 363 880; x_wconf 82' lang='lat' dir='ltr'>primaria</span> <span class='ocrx_word' id='word_1_74' title='bbox 392 838 535 867; x_wconf 86' lang='lat' dir='ltr'>caussa</span> <span class='ocrx_word' id='word_1_75' title='bbox 569 825 813 866; x_wconf 86' lang='lat' dir='ltr'>Callimacho</span> <span class='ocrx_word' id='word_1_76' title='bbox 854 826 960 865; x_wconf 88' lang='lat' dir='ltr'>haud</span> <span class='ocrx_word' id='word_1_77' title='bbox 997 826 1115 866; x_wconf 89' lang='lat' dir='ltr'>dubie</span> <span class='ocrx_word' id='word_1_78' title='bbox 1148 838 1260 867; x_wconf 84' lang='lat' dir='ltr'>amor</span> <span class='ocrx_word' id='word_1_79' title='bbox 1300 830 1520 880; x_wconf 85' lang='lat' dir='ltr'>argumenti</span> <span class='ocrx_word' id='word_1_80' title='bbox 1560 830 1632 869; x_wconf 84' lang='lat' dir='ltr'>suit</span> <span class='ocrx_word' id='word_1_81' title='bbox 1670 842 1694 869; x_wconf 92' lang='lat' dir='ltr'>e</span> 
     </span>
     <span class='ocr_line' id='line_1_11' title="bbox 175 899 1696 952; baseline 0.001 -13"><span class='ocrx_word' id='word_1_82' title='bbox 175 900 371 952; x_wconf 83' lang='lat' dir='ltr'>gravitate</span> <span class='ocrx_word' id='word_1_83' title='bbox 402 904 440 939; x_wconf 83' lang='lat' dir='ltr'>et</span> <span class='ocrx_word' id='word_1_84' title='bbox 469 900 665 939; x_wconf 85' lang='lat' dir='ltr'>suavitate</span> <span class='ocrx_word' id='word_1_85' title='bbox 696 899 864 939; x_wconf 86' lang='lat' dir='ltr'>feliciter</span> <span class='ocrx_word' id='word_1_86' title='bbox 888 900 1009 940; x_wconf 79' lang='lat' dir='ltr'>mixti.</span> <span class='ocrx_word' id='word_1_87' title='bbox 1067 900 1208 950; x_wconf 84' lang='lat' dir='ltr'>Addo,</span> <span class='ocrx_word' id='word_1_88' title='bbox 1237 900 1357 951; x_wconf 85' lang='lat' dir='ltr'>novi,</span> <span class='ocrx_word' id='word_1_89' title='bbox 1386 911 1468 940; x_wconf 90' lang='lat' dir='ltr'>non</span> <span class='ocrx_word' id='word_1_90' title='bbox 1497 906 1588 941; x_wconf 90' lang='lat' dir='ltr'>ante</span> <span class='ocrx_word' id='word_1_91' title='bbox 1619 902 1696 941; x_wconf 86' lang='lat' dir='ltr'>de-</span> 
     </span>
     <span class='ocr_line' id='line_1_12' title="bbox 176 970 1695 1025; baseline 0.001 -14"><span class='ocrx_word' id='word_1_92' title='bbox 176 971 285 1012; x_wconf 88' lang='lat' dir='ltr'>libati</span> <span class='ocrx_word' id='word_1_93' title='bbox 316 971 364 1011; x_wconf 89' lang='lat' dir='ltr'>ab</span> <span class='ocrx_word' id='word_1_94' title='bbox 399 970 491 1010; x_wconf 91' lang='lat' dir='ltr'>alio.</span> <span class='ocrx_word' id='word_1_95' title='bbox 552 972 602 1012; x_wconf 87' lang='lat' dir='ltr'>Ut</span> <span class='ocrx_word' id='word_1_96' title='bbox 633 972 782 1012; x_wconf 86' lang='lat' dir='ltr'>Hecale</span> <span class='ocrx_word' id='word_1_97' title='bbox 810 984 967 1025; x_wconf 91' lang='lat' dir='ltr'>quoque</span> <span class='ocrx_word' id='word_1_98' title='bbox 997 973 1103 1012; x_wconf 92' lang='lat' dir='ltr'>illum</span> <span class='ocrx_word' id='word_1_99' title='bbox 1133 984 1353 1023; x_wconf 84' lang='lat' dir='ltr'>novorum,</span> <span class='ocrx_word' id='word_1_100' title='bbox 1381 973 1695 1025; x_wconf 83' lang='lat' dir='ltr'>reconditorum,</span> 
     </span>
     <span class='ocr_line' id='line_1_13' title="bbox 176 1043 1694 1096; baseline 0.001 -13"><span class='ocrx_word' id='word_1_101' title='bbox 176 1044 253 1083; x_wconf 90' lang='lat' dir='ltr'>sibi</span> <span class='ocrx_word' id='word_1_102' title='bbox 281 1043 530 1096; x_wconf 80' lang='lat' dir='ltr'>propriorum</span> <span class='ocrx_word' id='word_1_103' title='bbox 574 1054 751 1083; x_wconf 84' lang='lat' dir='ltr'>amorem</span> <span class='ocrx_word' id='word_1_104' title='bbox 786 1047 991 1083; x_wconf 80' lang='lat' dir='ltr'>attestetur</span> <span class='ocrx_word' id='word_1_105' title='bbox 1028 1048 1145 1096; x_wconf 90' lang='lat' dir='ltr'>atque</span> <span class='ocrx_word' id='word_1_106' title='bbox 1175 1043 1431 1096; x_wconf 86' lang='lat' dir='ltr'>comprobet,</span> <span class='ocrx_word' id='word_1_107' title='bbox 1473 1056 1588 1095; x_wconf 87' lang='lat' dir='ltr'>quem</span> <span class='ocrx_word' id='word_1_108' title='bbox 1628 1044 1694 1085; x_wconf 89' lang='lat' dir='ltr'>hie</span> 
     </span>
     <span class='ocr_line' id='line_1_14' title="bbox 174 1114 1695 1170; baseline 0.001 -15"><span class='ocrx_word' id='word_1_109' title='bbox 174 1120 293 1168; x_wconf 88' lang='lat' dir='ltr'>poeta</span> <span class='ocrx_word' id='word_1_110' title='bbox 324 1115 415 1155; x_wconf 90' lang='lat' dir='ltr'>alibi</span> <span class='ocrx_word' id='word_1_111' title='bbox 444 1114 643 1166; x_wconf 85' lang='lat' dir='ltr'>ostendit,</span> <span class='ocrx_word' id='word_1_112' title='bbox 669 1115 841 1155; x_wconf 80' lang='lat' dir='ltr'>maxime</span> <span class='ocrx_word' id='word_1_113' title='bbox 871 1115 1022 1167; x_wconf 89' lang='lat' dir='ltr'>Aetiis,</span> <span class='ocrx_word' id='word_1_114' title='bbox 1055 1119 1094 1155; x_wconf 87' lang='lat' dir='ltr'>et</span> <span class='ocrx_word' id='word_1_115' title='bbox 1125 1128 1240 1168; x_wconf 89' lang='lat' dir='ltr'>quem</span> <span class='ocrx_word' id='word_1_116' title='bbox 1265 1115 1443 1156; x_wconf 83' lang='lat' dir='ltr'>declarat</span> <span class='ocrx_word' id='word_1_117' title='bbox 1470 1120 1568 1157; x_wconf 88' lang='lat' dir='ltr'>noto</span> <span class='ocrx_word' id='word_1_118' title='bbox 1606 1118 1695 1170; x_wconf 74' lang='lat' dir='ltr'>epi-</span> 
     </span>
     <span class='ocr_line' id='line_1_15' title="bbox 174 1191 421 1240; baseline 0 -14"><span class='ocrx_word' id='word_1_119' title='bbox 174 1191 395 1240; x_wconf 82' lang='lat' dir='ltr'>grammate</span> <span class='ocrx_word' id='word_1_120' title='bbox 411 1201 421 1226; x_wconf 90' lang='lat'><strong>:</strong></span> 
     </span>
    </p>

    <p class='ocr_par' dir='ltr' id='par_1_3' title="bbox 284 1256 1440 1316">
     <span class='ocr_line' id='line_1_16' title="bbox 284 1256 1440 1316; baseline 0 -16"><span class='ocrx_word' id='word_1_121' title='bbox 284 1258 501 1311; x_wconf 79' lang='grc' dir='ltr'><em>’.Εχθαίρω</em></span> <span class='ocrx_word' id='word_1_122' title='bbox 533 1257 578 1299; x_wconf 84' lang='grc' dir='ltr'>τό</span> <span class='ocrx_word' id='word_1_123' title='bbox 612 1257 770 1311; x_wconf 74' lang='grc' dir='ltr'><em>ποίημα</em></span> <span class='ocrx_word' id='word_1_124' title='bbox 801 1256 847 1299; x_wconf 86' lang='grc' dir='ltr'>τὸ</span> <span class='ocrx_word' id='word_1_125' title='bbox 879 1259 1097 1310; x_wconf 79' lang='grc' dir='ltr'><em>κυκλικὸν,</em></span> <span class='ocrx_word' id='word_1_126' title='bbox 1128 1260 1228 1299; x_wconf 68' lang='grc' dir='ltr'>οὐδὲ</span> <span class='ocrx_word' id='word_1_127' title='bbox 1257 1260 1440 1316; x_wconf 76' lang='grc' dir='ltr'><em>κελεύθῳ</em></span> 
     </span>
    </p>

    <p class='ocr_par' dir='ltr' id='par_1_4' title="bbox 282 1324 1452 1529">
     <span class='ocr_line' id='line_1_17' title="bbox 337 1324 1294 1386; baseline -0.001 -14"><span class='ocrx_word' id='word_1_128' title='bbox 337 1333 503 1385; x_wconf 75' lang='grc' dir='ltr'><em>χαίρω,</em></span> <span class='ocrx_word' id='word_1_129' title='bbox 535 1330 595 1379; x_wconf 74' lang='grc' dir='ltr'>τίς</span> <span class='ocrx_word' id='word_1_130' title='bbox 624 1329 804 1379; x_wconf 68' lang='grc' dir='ltr'><em>πολλοὺς</em></span> <span class='ocrx_word' id='word_1_131' title='bbox 836 1324 919 1370; x_wconf 72' lang='grc' dir='ltr'>ὦδε</span> <span class='ocrx_word' id='word_1_132' title='bbox 947 1332 1020 1370; x_wconf 77' lang='grc' dir='ltr'>καί</span> <span class='ocrx_word' id='word_1_133' title='bbox 1046 1325 1128 1371; x_wconf 70' lang='grc' dir='ltr'>ὧδε</span> <span class='ocrx_word' id='word_1_134' title='bbox 1160 1332 1294 1386; x_wconf 76' lang='grc' dir='ltr'><em>φέρει·</em></span> 
     </span>
     <span class='ocr_line' id='line_1_18' title="bbox 282 1397 1452 1458; baseline -0.002 -12"><span class='ocrx_word' id='word_1_135' title='bbox 282 1407 395 1458; x_wconf 75' lang='grc' dir='ltr'><em>μισῶ</em></span> <span class='ocrx_word' id='word_1_136' title='bbox 423 1405 497 1443; x_wconf 81' lang='grc' dir='ltr'><em>καί</em></span> <span class='ocrx_word' id='word_1_137' title='bbox 525 1403 767 1457; x_wconf 76' lang='grc' dir='ltr'><em>περίφοιτον</em></span> <span class='ocrx_word' id='word_1_138' title='bbox 799 1401 1031 1455; x_wconf 72' lang='grc' dir='ltr'><em>ἐρώμενον,</em></span> <span class='ocrx_word' id='word_1_139' title='bbox 1067 1397 1155 1442; x_wconf 68' lang='grc' dir='ltr'><em>οὔτ’</em></span> <span class='ocrx_word' id='word_1_140' title='bbox 1187 1401 1268 1444; x_wconf 82' lang='grc' dir='ltr'>α’πὸ</span> <span class='ocrx_word' id='word_1_141' title='bbox 1299 1400 1452 1458; x_wconf 76' lang='grc' dir='ltr'><em>κρήνης</em></span> 
     </span>
     <span class='ocr_line' id='line_1_19' title="bbox 340 1473 1165 1529; baseline -0.001 -12"><span class='ocrx_word' id='word_1_142' title='bbox 340 1479 458 1517; x_wconf 81' lang='grc' dir='ltr'>πίνω·</span> <span class='ocrx_word' id='word_1_143' title='bbox 486 1477 691 1529; x_wconf 65' lang='grc' dir='ltr'><em>σικχαίνω</em></span> <span class='ocrx_word' id='word_1_144' title='bbox 721 1474 859 1516; x_wconf 72' lang='grc' dir='ltr'><em>πάντα</em></span> <span class='ocrx_word' id='word_1_145' title='bbox 887 1474 939 1516; x_wconf 72' lang='grc' dir='ltr'>τά</span> <span class='ocrx_word' id='word_1_146' title='bbox 973 1473 1165 1529; x_wconf 75' lang='grc' dir='ltr'><em>δημόσια.</em></span> 
     </span>
    </p>

    <p class='ocr_par' dir='ltr' id='par_1_5' title="bbox 172 1547 1698 2616">
     <span class='ocr_line' id='line_1_20' title="bbox 175 1547 1694 1602; baseline -0.002 -12"><span class='ocrx_word' id='word_1_147' title='bbox 175 1551 291 1591; x_wconf 86' lang='lat' dir='ltr'>Certe</span> <span class='ocrx_word' id='word_1_148' title='bbox 323 1549 509 1602; x_wconf 88' lang='lat' dir='ltr'>quiequid</span> <span class='ocrx_word' id='word_1_149' title='bbox 543 1549 593 1588; x_wconf 92' lang='lat' dir='ltr'>de</span> <span class='ocrx_word' id='word_1_150' title='bbox 622 1560 672 1588; x_wconf 91' lang='lat' dir='ltr'>eo</span> <span class='ocrx_word' id='word_1_151' title='bbox 707 1548 848 1600; x_wconf 86' lang='lat' dir='ltr'>aliquis</span> <span class='ocrx_word' id='word_1_152' title='bbox 878 1553 1048 1600; x_wconf 84' lang='lat' dir='ltr'>statuat,</span> <span class='ocrx_word' id='word_1_153' title='bbox 1076 1548 1182 1588; x_wconf 91' lang='lat' dir='ltr'>unde</span> <span class='ocrx_word' id='word_1_154' title='bbox 1209 1547 1390 1588; x_wconf 87' lang='lat' dir='ltr'>habuerit</span> <span class='ocrx_word' id='word_1_155' title='bbox 1419 1552 1694 1601; x_wconf 85' lang='lat' dir='ltr'>argumentum</span> 
     </span>
     <span class='ocr_line' id='line_1_21' title="bbox 176 1620 1695 1673; baseline -0.001 -11"><span class='ocrx_word' id='word_1_156' title='bbox 176 1623 347 1663; x_wconf 84' lang='lat' dir='ltr'>Hecales</span> <span class='ocrx_word' id='word_1_157' title='bbox 380 1620 669 1671; x_wconf 72' lang='lat' dir='ltr'>Callimachus,</span> <span class='ocrx_word' id='word_1_158' title='bbox 699 1633 815 1673; x_wconf 87' lang='lat' dir='ltr'>quam</span> <span class='ocrx_word' id='word_1_159' title='bbox 850 1621 1007 1673; x_wconf 90' lang='lat' dir='ltr'>quidem</span> <span class='ocrx_word' id='word_1_160' title='bbox 1046 1621 1085 1660; x_wconf 88' lang='lat' dir='ltr'>in</span> <span class='ocrx_word' id='word_1_161' title='bbox 1114 1632 1199 1660; x_wconf 87' lang='lat' dir='ltr'>rem</span> <span class='ocrx_word' id='word_1_162' title='bbox 1240 1632 1341 1671; x_wconf 89' lang='lat' dir='ltr'>quae</span> <span class='ocrx_word' id='word_1_163' title='bbox 1378 1620 1523 1660; x_wconf 87' lang='lat' dir='ltr'>eoniici</span> <span class='ocrx_word' id='word_1_164' title='bbox 1566 1632 1695 1673; x_wconf 85' lang='lat' dir='ltr'>pauca</span> 
     </span>
     <span class='ocr_line' id='line_1_22' title="bbox 175 1692 1695 1746; baseline -0.003 -10"><span class='ocrx_word' id='word_1_165' title='bbox 175 1696 289 1746; x_wconf 81' lang='lat' dir='ltr'>lieet,</span> <span class='ocrx_word' id='word_1_166' title='bbox 320 1695 450 1735; x_wconf 90' lang='lat' dir='ltr'>statim</span> <span class='ocrx_word' id='word_1_167' title='bbox 483 1694 773 1734; x_wconf 85' lang='lat' dir='ltr'>coniieientur:</span> <span class='ocrx_word' id='word_1_168' title='bbox 806 1697 953 1734; x_wconf 83' lang='lat' dir='ltr'>tantum</span> <span class='ocrx_word' id='word_1_169' title='bbox 981 1693 1179 1745; x_wconf 85' lang='lat' dir='ltr'>manebit,</span> <span class='ocrx_word' id='word_1_170' title='bbox 1211 1704 1288 1745; x_wconf 87' lang='lat' dir='ltr'>quo</span> <span class='ocrx_word' id='word_1_171' title='bbox 1319 1692 1412 1732; x_wconf 91' lang='lat' dir='ltr'>illud</span> <span class='ocrx_word' id='word_1_172' title='bbox 1442 1692 1562 1733; x_wconf 87' lang='lat' dir='ltr'>modo</span> <span class='ocrx_word' id='word_1_173' title='bbox 1607 1697 1695 1732; x_wconf 85' lang='lat' dir='ltr'>tra-</span> 
     </span>
     <span class='ocr_line' id='line_1_23' title="bbox 175 1764 1693 1818; baseline -0.003 -8"><span class='ocrx_word' id='word_1_174' title='bbox 175 1775 318 1810; x_wconf 82' lang='lat' dir='ltr'>ctatum</span> <span class='ocrx_word' id='word_1_175' title='bbox 347 1781 369 1808; x_wconf 89' lang='lat' dir='ltr'>a</span> <span class='ocrx_word' id='word_1_176' title='bbox 403 1766 645 1808; x_wconf 88' lang='lat' dir='ltr'>Callimacho</span> <span class='ocrx_word' id='word_1_177' title='bbox 679 1769 761 1818; x_wconf 81' lang='lat' dir='ltr'>est,</span> <span class='ocrx_word' id='word_1_178' title='bbox 802 1765 1002 1818; x_wconf 87' lang='lat' dir='ltr'>proprium</span> <span class='ocrx_word' id='word_1_179' title='bbox 1040 1764 1080 1804; x_wconf 84' lang='lat' dir='ltr'>id</span> <span class='ocrx_word' id='word_1_180' title='bbox 1123 1770 1396 1818; x_wconf 82' lang='lat' dir='ltr'>argumentum</span> <span class='ocrx_word' id='word_1_181' title='bbox 1438 1767 1512 1818; x_wconf 88' lang='lat' dir='ltr'>ipsi</span> <span class='ocrx_word' id='word_1_182' title='bbox 1556 1766 1693 1807; x_wconf 85' lang='lat' dir='ltr'>fuisse.</span> 
     </span>
     <span class='ocr_line' id='line_1_24' title="bbox 174 1838 1698 1895; baseline -0.004 -12"><span class='ocrx_word' id='word_1_183' title='bbox 174 1844 235 1884; x_wconf 83' lang='lat' dir='ltr'>Ao</span> <span class='ocrx_word' id='word_1_184' title='bbox 264 1853 458 1895; x_wconf 84' lang='lat' dir='ltr'>prospere</span> <span class='ocrx_word' id='word_1_185' title='bbox 486 1852 553 1880; x_wconf 86' lang='lat' dir='ltr'>res</span> <span class='ocrx_word' id='word_1_186' title='bbox 593 1839 792 1892; x_wconf 85' lang='lat' dir='ltr'>processit</span> <span class='ocrx_word' id='word_1_187' title='bbox 823 1838 1088 1889; x_wconf 84' lang='lat' dir='ltr'>Callimacho,</span> <span class='ocrx_word' id='word_1_188' title='bbox 1116 1838 1192 1877; x_wconf 90' lang='lat' dir='ltr'>nisi</span> <span class='ocrx_word' id='word_1_189' title='bbox 1225 1839 1357 1879; x_wconf 86' lang='lat' dir='ltr'>omnia</span> <span class='ocrx_word' id='word_1_190' title='bbox 1398 1838 1547 1879; x_wconf 82' lang='lat' dir='ltr'>fallunt.</span> <span class='ocrx_word' id='word_1_191' title='bbox 1612 1838 1698 1879; x_wconf 88' lang='lat' dir='ltr'>Fuit</span> 
     </span>
     <span class='ocr_line' id='line_1_25' title="bbox 174 1910 1694 1964; baseline -0.003 -9"><span class='ocrx_word' id='word_1_192' title='bbox 174 1916 293 1955; x_wconf 90' lang='lat' dir='ltr'>etiam</span> <span class='ocrx_word' id='word_1_193' title='bbox 327 1914 500 1963; x_wconf 88' lang='lat' dir='ltr'>Hecale,</span> <span class='ocrx_word' id='word_1_194' title='bbox 537 1917 581 1952; x_wconf 85' lang='lat' dir='ltr'>ut</span> <span class='ocrx_word' id='word_1_195' title='bbox 607 1912 741 1952; x_wconf 87' lang='lat' dir='ltr'>verbis</span> <span class='ocrx_word' id='word_1_196' title='bbox 772 1915 882 1961; x_wconf 86' lang='lat' dir='ltr'>utar,</span> <span class='ocrx_word' id='word_1_197' title='bbox 915 1911 1054 1963; x_wconf 83' lang='lat' dir='ltr'>quibus</span> <span class='ocrx_word' id='word_1_198' title='bbox 1092 1912 1178 1963; x_wconf 91' lang='lat' dir='ltr'>ipse</span> <span class='ocrx_word' id='word_1_199' title='bbox 1218 1910 1282 1950; x_wconf 86' lang='lat' dir='ltr'>ille</span> <span class='ocrx_word' id='word_1_200' title='bbox 1318 1911 1411 1964; x_wconf 89' lang='lat' dir='ltr'>quid</span> <span class='ocrx_word' id='word_1_201' title='bbox 1448 1911 1694 1963; x_wconf 88' lang='lat' dir='ltr'>propositum</span> 
     </span>
     <span class='ocr_line' id='line_1_26' title="bbox 175 1981 1694 2038; baseline -0.003 -11"><span class='ocrx_word' id='word_1_202' title='bbox 175 1988 250 2028; x_wconf 87' lang='lat' dir='ltr'>sibi</span> <span class='ocrx_word' id='word_1_203' title='bbox 282 1987 322 2026; x_wconf 91' lang='lat' dir='ltr'>in</span> <span class='ocrx_word' id='word_1_204' title='bbox 354 1985 596 2025; x_wconf 86' lang='lat' dir='ltr'>carminibus</span> <span class='ocrx_word' id='word_1_205' title='bbox 642 1985 723 2025; x_wconf 89' lang='lat' dir='ltr'>suis</span> <span class='ocrx_word' id='word_1_206' title='bbox 756 1984 969 2034; x_wconf 81' lang='lat' dir='ltr'>habuerit,</span> <span class='ocrx_word' id='word_1_207' title='bbox 1013 1984 1234 2037; x_wconf 83' lang='lat' dir='ltr'>significat,</span> <span class='ocrx_word' id='word_1_208' title='bbox 1273 1982 1387 2038; x_wconf 75' lang='grc' dir='ltr'>ὀλιγὴ</span> <span class='ocrx_word' id='word_1_209' title='bbox 1433 1981 1577 2036; x_wconf 71' lang='grc' dir='ltr'><strong><em>λιβάς,</em></strong></span> <span class='ocrx_word' id='word_1_210' title='bbox 1619 1982 1694 2023; x_wconf 89' lang='lat' dir='ltr'>sed</span> 
     </span>
     <span class='ocr_line' id='line_1_27' title="bbox 174 2055 1694 2113; baseline -0.004 -12"><span class='ocrx_word' id='word_1_211' title='bbox 174 2057 302 2113; x_wconf 72' lang='grc' dir='ltr'><em>ἄκρον</em></span> <span class='ocrx_word' id='word_1_212' title='bbox 333 2055 490 2107; x_wconf 54' lang='lat' dir='ltr'>&amp;cotom</span> <span class='ocrx_word' id='word_1_213' title='bbox 524 2058 608 2110; x_wconf 84' lang='lat' dir='ltr'>suit,</span> <span class='ocrx_word' id='word_1_214' title='bbox 640 2056 747 2109; x_wconf 90' lang='lat' dir='ltr'>quod</span> <span class='ocrx_word' id='word_1_215' title='bbox 777 2056 893 2096; x_wconf 86' lang='lat' dir='ltr'>facile</span> <span class='ocrx_word' id='word_1_216' title='bbox 927 2056 1125 2096; x_wconf 84' lang='lat' dir='ltr'>credimus</span> <span class='ocrx_word' id='word_1_217' title='bbox 1157 2057 1427 2109; x_wconf 82' lang='lat' dir='ltr'>Crinagorae,</span> <span class='ocrx_word' id='word_1_218' title='bbox 1462 2055 1694 2108; x_wconf 90' lang='lat' dir='ltr'>opusculum</span> 
     </span>
     <span class='ocr_line' id='line_1_28' title="bbox 175 2129 1691 2184; baseline -0.004 -10"><span class='ocrx_word' id='word_1_219' title='bbox 175 2145 322 2184; x_wconf 80' lang='lat' dir='ltr'>suave,</span> <span class='ocrx_word' id='word_1_220' title='bbox 365 2132 604 2182; x_wconf 85' lang='lat' dir='ltr'>rotundum,</span> <span class='ocrx_word' id='word_1_221' title='bbox 643 2131 994 2184; x_wconf 82' lang='lat' dir='ltr'>elegantissimum.</span> <span class='ocrx_word' id='word_1_222' title='bbox 1106 2129 1262 2169; x_wconf 86' lang='lat' dir='ltr'>Deinde</span> <span class='ocrx_word' id='word_1_223' title='bbox 1305 2129 1482 2169; x_wconf 87' lang='lat' dir='ltr'>Hecalen</span> <span class='ocrx_word' id='word_1_224' title='bbox 1530 2129 1691 2169; x_wconf 92' lang='lat' dir='ltr'>multum</span> 
     </span>
     <span class='ocr_line' id='line_1_29' title="bbox 174 2201 1693 2255; baseline -0.003 -10"><span class='ocrx_word' id='word_1_225' title='bbox 174 2206 298 2245; x_wconf 80' lang='lat' dir='ltr'>fuisse</span> <span class='ocrx_word' id='word_1_226' title='bbox 330 2205 529 2245; x_wconf 85' lang='lat' dir='ltr'>hominum</span> <span class='ocrx_word' id='word_1_227' title='bbox 563 2203 806 2244; x_wconf 88' lang='lat' dir='ltr'>eruditorum</span> <span class='ocrx_word' id='word_1_228' title='bbox 846 2203 1272 2255; x_wconf 83' lang='lat' dir='ltr'>grammaticorumque</span> <span class='ocrx_word' id='word_1_229' title='bbox 1300 2201 1474 2241; x_wconf 88' lang='lat' dir='ltr'>lectione</span> <span class='ocrx_word' id='word_1_230' title='bbox 1506 2201 1693 2241; x_wconf 89' lang='lat' dir='ltr'>celebra-</span> 
     </span>
     <span class='ocr_line' id='line_1_30' title="bbox 174 2273 1691 2329; baseline -0.004 -12"><span class='ocrx_word' id='word_1_231' title='bbox 174 2283 266 2327; x_wconf 85' lang='lat' dir='ltr'>tam,</span> <span class='ocrx_word' id='word_1_232' title='bbox 296 2282 335 2316; x_wconf 88' lang='lat' dir='ltr'>et</span> <span class='ocrx_word' id='word_1_233' title='bbox 363 2277 605 2329; x_wconf 82' lang='lat' dir='ltr'>Crinagoras</span> <span class='ocrx_word' id='word_1_234' title='bbox 636 2276 818 2328; x_wconf 80' lang='lat' dir='ltr'>exemplo</span> <span class='ocrx_word' id='word_1_235' title='bbox 848 2280 921 2324; x_wconf 87' lang='lat' dir='ltr'>est,</span> <span class='ocrx_word' id='word_1_236' title='bbox 952 2279 990 2314; x_wconf 86' lang='lat' dir='ltr'>et</span> <span class='ocrx_word' id='word_1_237' title='bbox 1014 2275 1229 2326; x_wconf 86' lang='lat' dir='ltr'>scriptores</span> <span class='ocrx_word' id='word_1_238' title='bbox 1247 2273 1573 2327; x_wconf 82' lang='lat' dir='ltr'>grammaticique</span> <span class='ocrx_word' id='word_1_239' title='bbox 1593 2285 1691 2326; x_wconf 87' lang='lat' dir='ltr'>pro..</span> 
     </span>
     <span class='ocr_line' id='line_1_31' title="bbox 172 2345 1691 2401; baseline -0.003 -11"><span class='ocrx_word' id='word_1_240' title='bbox 172 2351 284 2400; x_wconf 80' lang='lat' dir='ltr'>bant,</span> <span class='ocrx_word' id='word_1_241' title='bbox 312 2352 376 2401; x_wconf 89' lang='lat' dir='ltr'>qui</span> <span class='ocrx_word' id='word_1_242' title='bbox 406 2349 562 2401; x_wconf 87' lang='lat' dir='ltr'>plurimi</span> <span class='ocrx_word' id='word_1_243' title='bbox 593 2348 756 2388; x_wconf 81' lang='lat' dir='ltr'>laudant</span> <span class='ocrx_word' id='word_1_244' title='bbox 781 2348 983 2399; x_wconf 85' lang='lat' dir='ltr'>Hecalen,</span> <span class='ocrx_word' id='word_1_245' title='bbox 1015 2347 1207 2399; x_wconf 89' lang='lat' dir='ltr'>locosque</span> <span class='ocrx_word' id='word_1_246' title='bbox 1247 2358 1297 2385; x_wconf 82' lang='lat' dir='ltr'>ex</span> <span class='ocrx_word' id='word_1_247' title='bbox 1329 2345 1476 2385; x_wconf 89' lang='lat' dir='ltr'>Hecale</span> <span class='ocrx_word' id='word_1_248' title='bbox 1521 2345 1691 2386; x_wconf 84' lang='lat' dir='ltr'>afferunt</span> 
     </span>
     <span class='ocr_line' id='line_1_32' title="bbox 174 2418 1691 2474; baseline -0.003 -13"><span class='ocrx_word' id='word_1_249' title='bbox 174 2433 224 2461; x_wconf 89' lang='lat' dir='ltr'>eo</span> <span class='ocrx_word' id='word_1_250' title='bbox 252 2433 447 2472; x_wconf 78' lang='lat' dir='ltr'>numero,</span> <span class='ocrx_word' id='word_1_251' title='bbox 480 2426 522 2461; x_wconf 91' lang='lat' dir='ltr'>ut</span> <span class='ocrx_word' id='word_1_252' title='bbox 553 2422 663 2461; x_wconf 88' lang='lat' dir='ltr'>cuius</span> <span class='ocrx_word' id='word_1_253' title='bbox 694 2425 839 2474; x_wconf 86' lang='lat' dir='ltr'>poetae</span> <span class='ocrx_word' id='word_1_254' title='bbox 870 2421 910 2469; x_wconf 88' lang='lat' dir='ltr'>in</span> <span class='ocrx_word' id='word_1_255' title='bbox 941 2421 1170 2460; x_wconf 87' lang='lat' dir='ltr'>universum</span> <span class='ocrx_word' id='word_1_256' title='bbox 1200 2419 1254 2458; x_wconf 90' lang='lat' dir='ltr'>illi</span> <span class='ocrx_word' id='word_1_257' title='bbox 1285 2418 1567 2458; x_wconf 86' lang='lat' dir='ltr'>studiosissimi</span> <span class='ocrx_word' id='word_1_258' title='bbox 1598 2419 1691 2458; x_wconf 86' lang='lat' dir='ltr'>suc-</span> 
     </span>
     <span class='ocr_line' id='line_1_33' title="bbox 174 2489 1689 2546; baseline -0.003 -12"><span class='ocrx_word' id='word_1_259' title='bbox 174 2497 288 2543; x_wconf 81' lang='lat' dir='ltr'>runt,</span> <span class='ocrx_word' id='word_1_260' title='bbox 323 2494 409 2532; x_wconf 89' lang='lat' dir='ltr'>eius</span> <span class='ocrx_word' id='word_1_261' title='bbox 446 2494 592 2533; x_wconf 90' lang='lat' dir='ltr'>nullum</span> <span class='ocrx_word' id='word_1_262' title='bbox 634 2505 776 2546; x_wconf 88' lang='lat' dir='ltr'>poema</span> <span class='ocrx_word' id='word_1_263' title='bbox 812 2493 989 2545; x_wconf 87' lang='lat' dir='ltr'>cupidius</span> <span class='ocrx_word' id='word_1_264' title='bbox 1028 2493 1242 2532; x_wconf 90' lang='lat' dir='ltr'>lectitatum</span> <span class='ocrx_word' id='word_1_265' title='bbox 1284 2489 1559 2542; x_wconf 85' lang='lat' dir='ltr'>laudatumque</span> <span class='ocrx_word' id='word_1_266' title='bbox 1598 2502 1689 2530; x_wconf 88' lang='lat' dir='ltr'>esse</span> 
     </span>
     <span class='ocr_line' id='line_1_34' title="bbox 176 2563 655 2616; baseline -0.004 -11"><span class='ocrx_word' id='word_1_267' title='bbox 176 2576 292 2616; x_wconf 88' lang='lat' dir='ltr'>quam</span> <span class='ocrx_word' id='word_1_268' title='bbox 323 2563 498 2602; x_wconf 81' lang='lat' dir='ltr'>llecalen</span> <span class='ocrx_word' id='word_1_269' title='bbox 529 2563 655 2603; x_wconf 78' lang='lat' dir='ltr'>dicas,</span> 
     </span>
    </p>

    <p class='ocr_par' dir='ltr' id='par_1_6' title="bbox 174 2635 1690 2750">
     <span class='ocr_line' id='line_1_35' title="bbox 285 2635 1690 2689; baseline 0.001 -14"><span class='ocrx_word' id='word_1_270' title='bbox 285 2635 519 2675; x_wconf 74' lang='lat' dir='ltr'>Audivimus</span> <span class='ocrx_word' id='word_1_271' title='bbox 551 2636 600 2675; x_wconf 89' lang='lat' dir='ltr'>de</span> <span class='ocrx_word' id='word_1_272' title='bbox 631 2636 778 2675; x_wconf 90' lang='lat' dir='ltr'>ambitu</span> <span class='ocrx_word' id='word_1_273' title='bbox 810 2640 1121 2689; x_wconf 83' lang='lat' dir='ltr'>argumentoque</span> <span class='ocrx_word' id='word_1_274' title='bbox 1153 2636 1339 2676; x_wconf 87' lang='lat' dir='ltr'>carminis</span> <span class='ocrx_word' id='word_1_275' title='bbox 1360 2636 1620 2689; x_wconf 76' lang='lat' dir='ltr'>Crinagoiam</span> <span class='ocrx_word' id='word_1_276' title='bbox 1651 2641 1690 2677; x_wconf 86' lang='lat' dir='ltr'>et</span> 
     </span>
     <span class='ocr_line' id='line_1_36' title="bbox 174 2706 693 2750; baseline -0.008 0"><span class='ocrx_word' id='word_1_277' title='bbox 174 2707 424 2750; x_wconf 81' lang='lat' dir='ltr'>Scholiasten</span> <span class='ocrx_word' id='word_1_278' title='bbox 454 2706 693 2747; x_wconf 86' lang='lat' dir='ltr'>Callimachi.</span> 
     </span>
    </p>

    <p class='ocr_par' dir='ltr' id='par_1_7' title="bbox 177 2776 1697 2909">
     <span class='ocr_line' id='line_1_37' title="bbox 282 2776 1690 2833; baseline 0.001 -14"><span class='ocrx_word' id='word_1_279' title='bbox 282 2780 504 2820; x_wconf 83' lang='lat' dir='ltr'>Proximum</span> <span class='ocrx_word' id='word_1_280' title='bbox 537 2780 598 2820; x_wconf 91' lang='lat' dir='ltr'>his</span> <span class='ocrx_word' id='word_1_281' title='bbox 628 2781 825 2833; x_wconf 79' lang='lat' dir='ltr'>gravitate</span> <span class='ocrx_word' id='word_1_282' title='bbox 856 2780 1119 2820; x_wconf 87' lang='lat' dir='ltr'>testimonium</span> <span class='ocrx_word' id='word_1_283' title='bbox 1138 2779 1332 2819; x_wconf 88' lang='lat' dir='ltr'>Plutarchi</span> <span class='ocrx_word' id='word_1_284' title='bbox 1361 2784 1434 2829; x_wconf 81' lang='lat' dir='ltr'>est,</span> <span class='ocrx_word' id='word_1_285' title='bbox 1463 2781 1502 2820; x_wconf 91' lang='lat' dir='ltr'>in</span> <span class='ocrx_word' id='word_1_286' title='bbox 1519 2776 1690 2831; x_wconf 87' lang='lat' dir='ltr'>Theseo,</span> 
     </span>
     <span class='ocr_line' id='line_1_38' title="bbox 177 2846 1697 2909; baseline 0 -17"><span class='ocrx_word' id='word_1_287' title='bbox 177 2863 261 2905; x_wconf 80' lang='lat' dir='ltr'>cap.</span> <span class='ocrx_word' id='word_1_288' title='bbox 283 2854 345 2897; x_wconf 72' lang='lat'>14.</span> <span class='ocrx_word' id='word_1_289' title='bbox 380 2850 425 2893; x_wconf 84' lang='lat' dir='ltr'>‘O</span> <span class='ocrx_word' id='word_1_290' title='bbox 455 2853 501 2894; x_wconf 79' lang='grc' dir='ltr'>δὲ</span> <span class='ocrx_word' id='word_1_291' title='bbox 532 2850 695 2907; x_wconf 72' lang='grc' dir='ltr'><em>Θησεύς</em></span> <span class='ocrx_word' id='word_1_292' title='bbox 735 2849 900 2907; x_wconf 76' lang='grc' dir='ltr'><em>ἐνεργὸς</em></span> <span class='ocrx_word' id='word_1_293' title='bbox 938 2846 1041 2893; x_wconf 72' lang='grc' dir='ltr'><em>εἶναι</em></span> <span class='ocrx_word' id='word_1_294' title='bbox 1072 2851 1352 2909; x_wconf 70' lang='grc' dir='ltr'><em>βουλόμενος,</em></span> <span class='ocrx_word' id='word_1_295' title='bbox 1400 2849 1490 2905; x_wconf 66' lang='grc' dir='ltr'>ἅμα</span> <span class='ocrx_word' id='word_1_296' title='bbox 1532 2852 1578 2892; x_wconf 76' lang='grc' dir='ltr'>δὲ</span> <span class='ocrx_word' id='word_1_297' title='bbox 1623 2853 1697 2893; x_wconf 84' lang='grc' dir='ltr'><em>καί</em></span> 
     </span>
    </p>
   </div>
  </div>
 </body>
</html>
