1856 3126
766 127 1070 166 —175—

156 247 369 288 manil'esto
401 246 586 300 oppidum
620 245 826 298 intelligit,
852 257 935 286 non
971 249 1157 286 montem.
1229 245 1274 285 Id
1316 243 1501 296 oppidum
1548 243 1612 282 vel
1654 241 1689 282 is

156 321 285 369 vicus,
318 321 382 360 cui
409 323 583 359 montem
616 320 838 370 proximum
871 319 994 359 fuisse
1025 317 1306 370 cognominem
1338 327 1419 356 non
1450 314 1689 356 incredibile

157 397 232 442 est,
261 391 455 431 Pausania
485 390 551 429 lib.
583 390 629 430 11.
661 394 760 430 extr.
788 394 984 440 testante,
1015 389 1055 428 in
1085 389 1269 429 confiniis
1304 376 1574 441 Argivorum,
1604 387 1691 427 Ar-

158 462 301 503 cadiae
332 466 373 500 et
400 460 627 501 Laconicae
658 461 775 500 situm
806 464 905 500 erat.
963 460 1124 510 Statius,
1156 464 1197 499 ut
1225 459 1394 509 videtur,
1423 458 1531 512 quod
1561 461 1691 499 inter-

159 535 249 574 dum
281 532 428 573 accidit
470 533 599 584 poetis
640 533 928 585 exquisitorum
971 532 1175 572 nominum
1214 530 1482 582 amatoribus,
1522 530 1691 584 ignobili

157 606 248 645 vico
279 604 440 643 nimium
471 603 674 657 dignitatis
714 605 860 645 tribuit.
915 604 1053 656 Neque
1085 603 1165 644 hoe
1198 605 1465 656 praestiterim
1484 638 1494 657 ‚
1524 608 1602 643 tam
1626 603 1694 643 vi-

158 677 288 716 cinam
319 675 441 716 Nerin
478 676 683 716 Charadro
725 676 878 729 fuisse,
913 680 954 716 ut
980 675 1213 726 pavendum
1252 680 1373 715 esset.
1434 675 1475 716 C.
1508 675 1691 715 Barthius

157 745 350 786 Lutatium
384 751 449 786 aut
487 759 625 787 errare
654 759 742 787 cum
774 751 858 787 toto
900 745 979 786 hoc
1006 750 1137 785 moute
1175 756 1272 796 suo,
1311 749 1350 785 et
1383 750 1548 786 auctore
1579 747 1695 786 insu-

158 830 232 871 per
258 818 461 858 scribendi
494 819 762 869 Callimacho,
792 822 859 858 aut
890 817 1175 871 corrigendum
1201 829 1294 858 esse
1325 817 1531 857 censebat.
1592 818 1697 856 Cor-

156 891 368 945 rigendum
405 896 536 932 autem
568 892 648 931 hoc
675 904 814 945 parum
842 891 1041 944 probabili
1071 891 1217 932 modo:
1249 890 1354 931 comi
1383 901 1525 929 nomen
1537 888 1695 942 Arqivz'.

270 964 329 1003 De
374 964 511 1005 Sinide
551 962 649 1004 nihil
693 962 912 1003 indicatum
957 963 997 1002 in
1041 962 1290 1016 Fragmentis
1333 961 1509 1013 reperio.
1577 959 1697 999 Levis

160 1035 419 1085 coniectura,
463 1036 496 1075 si
529 1036 616 1087 quis
648 1039 929 1075 conservatum
969 1035 1009 1074 in
1055 1034 1131 1074 illis
1160 1030 1349 1087 Ὁμήρου
1384 1031 1699 1084 Ἐπι,ιιερισμοῖς

161 1107 335 1147 Cramer.
368 1107 523 1149 Anecd.
557 1108 625 1148 Gr.
657 1107 745 1148 Vol.
775 1106 805 1146 Ι.
838 1120 877 1160 p.
907 1107 1014 1159 373,
1045 1106 1110 1147 29.
1154 1106 1420 1159 fragmentum
1454 1103 1699 1155 Callimachi,

770 1176 899 1232 κούρη
933 1178 980 1218 δὲ
1013 1178 1213 1230 παρειάτο
1243 1177 1566 1229 ὃακρυχέουσαε

163 1247 213 1288 de
241 1248 318 1288 lilia
350 1251 538 1302 accipere
567 1249 731 1300 Sinidis‚
764 1251 963 1303 Perigune
994 1249 1111 1300 (Plut.
1143 1248 1260 1289 Thes.
1289 1249 1328 1289 8.
1359 1248 1529 1288 Pausan.
1558 1246 1608 1287 X.
1635 1245 1701 1301 25,

161 1321 415 1372 7.)‚ve11et.
473 1322 744 1362 Memorabilis
779 1323 912 1375 utique
958 1322 1072 1363 locus
1114 1326 1278 1374 propter
1315 1323 1532 1373 παρειάτο.
1602 1320 1703 1358 ,Πα-

160 1394 320 1446 ρειάτο;
361 1394 666 1447 Καλλιζιιαχος,
751 1390 880 1448 κούρη
907 1395 952 1434 δὲ
989 1393 1191 1446 παρειάτο
1225 1391 1537 1445 δακρυχέουσα.
1595 1389 1703 1435 τινὲς

160 1463 424 1516 πλεονασμὸν
454 1461 666 1518 ἡγήσαντο
700 1467 774 1505 τοῦ
815 1482 869 1505 α·
916 1460 1014 1505 ἇντί
1056 1465 1131 1504 τοῦ
1175 1463 1314 1516 παρῆν
1352 1459 1432 1516 γάρ
1474 1458 1586 1501 ἐστιν
1631 1459 1706 1499 καί

160 1536 472 1587 παρεκαθέζετο
492 1552 501 1561 ·
543 1537 620 1577 οιῖκ
648 1535 759 1579 ἔστιν
783 1538 829 1579 δὲ
858 1536 1122 1589 πλεονασμὸς
1153 1532 1259 1577 ἀλλὰ
1284 1534 1569 1589 πληθυντικὸν
1589 1529 1703 1574 ἐστίν

163 1606 258 1647 ἀντὶ
283 1605 424 1648 ἑνικοῦ
455 1612 719 1663 τεθειμένον,
747 1609 805 1659 ὥς
833 1608 892 1660 τὸ,
926 1609 1095 1662 (OdySS.
1128 1608 1229 1648 Vlll.
1259 1608 1376 1656 503.)
1406 1607 1484 1647 οἵδ’
1512 1605 1618 1646 εἵατ’
1644 1605 1705 1645 εἰν

164 1679 312 1735 οἶγορῇ.
370 1680 539 1734 Elymol.
557 1683 607 1723 M.
635 1696 673 1736 p.
695 1683 790 1735 653,
811 1683 876 1724 ΞΟ.
911 1681 1132 1736 Παρειάτο
1165 1681 1477 1735 δακρυχέουσα,
1506 1677 1602 1719 α’ντί
1630 1678 1709 1719 τοῦ

167 1750 307 1803 παρῆν
349 1749 373 1804 ἦ
420 1749 522 1807 κόρη
565 1754 826 1806 δακρύουσα.
883 1754 938 1794 ἕω
979 1749 1022 1793 τὸ
1058 1751 1277 1805 κάθημαι,
1310 1756 1350 1792 et
1380 1763 1482 1805 quae
1512 1763 1599 1804 seq.
1657 1749 1706 1790 Et

169 1834 221 1862 ex
248 1823 528 1876 Etymologico
559 1824 780 1864 Favorinus
824 1825 863 1864 in
901 1824 1050 1864 Lexico
1068 1856 1078 1875 ‚
1111 1828 1191 1864 tum
1219 1823 1375 1876 plenius
1405 1824 1445 1863 in
1477 1821 1640 1875 Eclogis
1669 1833 1708 1874 p.

167 1895 266 1946 343,
297 1896 358 1936 15.
392 1895 508 1937 Dind.

282 1969 419 2021 Neque
450 1968 500 2007 dc
528 1980 599 2008 sue
621 1967 862 2020 Cromyonia
891 1967 1114 2020 quicquam.
1172 1966 1433 2007 Memorabile
1461 1969 1536 2017 est,
1566 1966 1711 2018 quippe

171 2042 404 2094 insignitum
450 2043 563 2094 quasi
612 2041 679 2082 illa
725 2041 935 2081 doctrinae
981 2039 1282 2081 Alexandrinae
1327 2043 1368 2078 et
1418 2037 1712 2078 Callimacheac

171 2118 290 2153 nota:
323 2110 504 2167 ἐρ’ῥαος,
536 2125 664 2165 aper,
693 2113 851 2166 Fragm.
883 2111 1141 2154 CCCXXXV.
1178 2110 1252 2151 sed
1293 2109 1400 2163 quod
1448 2121 1498 2150 eo
1542 2108 1713 2149 consilio

175 2187 400 2239 adscripsi,
429 2191 470 2226 ut
499 2198 706 2227 monerem
739 2186 912 2226 alienum
944 2187 1073 2226 videri
1115 2185 1165 2226 ab
1195 2184 1358 2224 Hecale.
1426 2183 1526 2223 Nam
1569 2193 1713 2222 vocem

177 2258 328 2297 inl'erre
361 2259 400 2299 in
430 2257 609 2298 Hecalen
646 2257 750 2298 velle
792 2257 869 2297 hac
910 2257 997 2298 sola
1044 2256 1094 2296 de
1139 2267 1309 2306 caussa,
1352 2252 1460 2308 quod
1501 2252 1711 2292 doctrinae

177 2335 312 2370 notam
346 2331 513 2382 habeat,
545 2331 584 2371 id
614 2330 808 2371 hariolari
835 2334 908 2370 est.
969 2330 1182 2370 Praeterea
1218 2327 1388 2368 bestiam
1418 2326 1717 2378 Cromyoniam‚

180 2403 347 2442 sirecte
376 2403 553 2453 memini,
589 2414 729 2443 omnes
762 2414 874 2441 suem
903 2406 1066 2454 vocant,
1101 2406 1140 2440 et
1169 2400 1368 2440 Plzaeam:
1397 2402 1559 2452 praeter
1588 2398 1718 2451 Hygi-

181 2487 301 2525 num,
332 2476 398 2526 qui
427 2487 587 2526 aprum.
646 2475 695 2515 Et
724 2476 887 2515 omnino
922 2475 1065 2526 quibus
1098 2473 1234 2513 verbis
1262 2473 1428 2512 Tzetzes
1460 2472 1603 2512 utitur:
1644 2470 1720 2525 ἐρ’-

180 2544 313 2601 ῥάου)
340 2547 415 2587 τοῦ
440 2550 572 2600 κριοῦ.
632 2544 652 2587 ὃ
683 2548 730 2587 δὲ
762 2547 1045 2599 Καλλίμαχος
1079 2546 1187 2598 λέγει
1229 2545 1304 2585 τοῦ
1350 2547 1515 2598 κάπρου
1546 2569 1627 2597 —-,
1658 2556 1721 2596 ea,

181 2620 224 2659 ni
256 2619 386 2670 fallor,
416 2631 497 2659 non
530 2624 609 2660 tam
637 2619 718 2660 hoc
749 2624 908 2670 sonant,
938 2631 1051 2660 usum
1081 2631 1174 2660 esse
1198 2616 1411 2670 aliquando
1433 2626 1537 2655 voce
1567 2613 1723 2671 ἔρῥαος

184 2702 288 2742 aper
318 2691 626 2743 Callimachum,
660 2705 806 2745 quam,
840 2692 1104 2744 disputavisse
1150 2691 1297 2730 alicubi
1333 2690 1383 2728 de
1427 2688 1723 2742 significatione

185 2763 274 2803 eius
308 2763 447 2813 vocis,
479 2768 518 2802 et
547 2762 736 2803 docuisse
755 2794 765 2814 ,
797 2775 943 2814 aprum
986 2775 1078 2803 esse
1116 2760 1285 2816 ἔρραον.
1361 2760 1611 2808 Quaerebam
1633 2793 1642 2811 ‚
1672 2772 1723 2800 an

186 2834 291 2875 forte
324 2835 481 2889 Fragm.
528 2834 785 2875 CCCXXXV.
828 2835 1068 2875 nectendum
1112 2845 1202 2874 cum
1243 2833 1484 2887 Fragmento
1531 2831 1723 2873 CCCClll.
