1856 3126
758 126 1068 161 —111—

302 242 376 280 καί
403 238 460 293 ῥα
484 236 597 290 παρὰ
630 244 797 279 σκαιοῖο
828 242 1055 293 βραχίονος
1084 237 1265 290 ἔμπλεον
1296 233 1417 280 ἷίλπιν
1446 262 1515 278 —.

137 314 251 361 Quae
297 312 432 351 omnia
474 310 687 349 coniuncta
734 311 944 363 eleganter
987 312 1131 351 factam
1173 312 1483 364 descriptionem
1526 311 1676 364 imagi-

136 395 309 434 nemque
339 383 512 422 Hecales
541 383 732 422 efficiunt.
791 385 923 436 Atque
955 384 1100 423 callide
1134 385 1211 424 hoc
1243 386 1460 425 institutum
1494 385 1619 424 fuisse
1652 395 1676 423 a

141 455 386 496 Callimacho
420 456 588 509 quisque
617 456 836 506 fatebitur,
875 461 944 506 ut,
979 468 1096 508 quum
1129 456 1273 496 Thesei
1303 458 1517 510 imaginem
1561 456 1679 495 exhi-

143 529 295 568 buisset
315 559 325 577 ‚
367 539 473 566 nunc
523 527 696 566 Hecales
739 540 897 579 quoque
948 527 1124 566 habitum
1174 527 1388 579 diligenter
1440 528 1681 579 descriptum

140 603 399 653 proponeret.
460 598 605 638 Verum
641 600 747 651 quod
782 601 996 639 coniuncta
1030 599 1094 638 illa
1131 599 1210 638 dixi
1247 601 1402 649 omnia,
1438 612 1519 639 non
1551 600 1681 639 statim

133 674 309 725 vapparet
355 682 432 724 quo
469 670 616 709 suerint
647 670 767 710 modo
809 672 1039 710 coniuncta.
1109 670 1204 710 Sunt
1248 669 1325 709 duo
1367 670 1590 723 fragmenta
1631 672 1683 710 ita

145 747 249 786 inter
278 757 323 784 se
352 744 516 784 similia:
558 742 674 796 α’μφί
703 743 749 782 δέ
788 740 828 782 οἱ
862 743 1028 798 νεφαλῇ
1055 768 1108 773 —-
1140 742 1303 794 πίλημα
1337 744 1613 795 περίτροχον,
1646 746 1685 782 et

144 817 387 867 προέχουσα
418 813 545 866 κάρης
582 814 728 865 εὐρεῖα
761 813 1006 867 καλύπτρη,
1039 813 1280 864 ποιμενικὸν
1311 815 1498 864 πίλημα,
1532 818 1571 852 ut
1604 826 1684 853 non

143 889 273 928 statim
305 899 422 926 unum
452 887 641 937 excipere
673 886 853 936 potuisse
884 885 1064 934 alterum,
1092 885 1165 925 sed
1196 890 1238 925 ut
1266 884 1478 925 intervallo
1510 885 1683 937 quodam

145 961 314 1000 diremta
348 959 470 999 fuisse
502 957 726 998 videantur.
787 958 971 1009 Accedit,
1003 958 1109 1010 quod
1140 959 1259 997 etiam
1284 957 1420 997 bacula·
1450 959 1592 997 iterata
1616 956 1688 996 fuit

145 1032 247 1085 apud
279 1031 568 1075 Callimachum
600 1031 764 1080 mentio,
799 1031 834 1070 si
863 1036 975 1070 recte
1005 1030 1329 1070 llemsterhusius
1357 1029 1406 1070 ad
1441 1029 1590 1069 Callim.
1621 1029 1685 1068 ed.

147 1104 307 1144 Ernest.
344 1116 379 1154 p.
411 1103 505 1143 4259.
538 1103 803 1155 adstipulante
838 1105 876 1143 in
909 1103 1033 1155 Epist.
1070 1105 1155 1142 crit.
1187 1103 1232 1142 ll.
1269 1102 1317 1142 ad
1351 1103 1500 1142 Callim.
1535 1102 1572 1142 h.
1601 1102 1685 1142 lov.

149 1179 214 1217 22.
248 1181 312 1224 (et
341 1176 480 1227 Epistt.
512 1176 719 1215 Tittmann.
750 1188 785 1228 p.
811 1178 898 1226 21.)
929 1177 1185 1227 Ruhnkenio,
1215 1175 1460 1216 Callimacho
1493 1180 1533 1215 et
1554 1175 1691 1215 Heca-

150 1249 214 1289 lae
246 1248 466 1288 vindicavit
498 1249 576 1288 hoc
607 1260 629 1288 e
660 1248 782 1289 Suida
810 1253 872 1297 (et
900 1249 1124 1295 Favorino)
1159 1261 1196 1287 v.
1224 1244 1375 1302 Ὀκχήε

921 1320 1038 1371 γέντο
1070 1320 1111 1359 δ’
1139 1318 1302 1372 ἐρείκης

316 1392 546 1444 σκηποίνιον
578 1425 587 1434 .
620 1422 628 1431 .
661 1424 672 1434 .
706 1385 730 1430 ὃ
760 1387 811 1441 δὴ
843 1393 941 1431 πέλε
971 1388 1125 1443 γήραος
1157 1388 1273 1442 ὄκχὴ.

152 1462 270 1511 Οιῑοά
298 1474 405 1501 nunc
449 1467 511 1502 est
547 1464 702 1515 Fragm.
750 1462 1087 1502 CCCCLXXXIV.
1128 1462 1191 1502 ed.
1230 1461 1449 1502 Blomsseld.
1510 1461 1690 1513 Dispono

152 1535 286 1575 omnia
318 1535 383 1575 ita.
453 1534 622 1573 Primum
665 1534 883 1586 descriptio
920 1539 1007 1573 erat
1042 1534 1213 1574 Hecales
1258 1535 1406 1574 exitum
1445 1534 1626 1584 parantis
1670 1545 1694 1571 e

152 1607 272 1647 domo
302 1619 389 1648 sua.
446 1606 504 1646 Ibi
536 1607 691 1659 Fragm.
725 1606 895 1647 CXXlV.
927 1607 1162 1659 legebatur:

541 1677 659 1732 α’μῳί
689 1678 735 1718 δὲ
766 1675 803 1718 οἱ
836 1680 1001 1733 κεφαλῇ
1030 1682 1105 1718 etc.

152 1756 194 1793 et

1001 1822 1120 1874 γέντο
1153 1822 1193 1860 ‹5'
1224 1819 1386 1874 ἐρείκης

422 1890 651 1945 σκηπάνιον
683 1897 760 1933 etc.

155 1967 206 2006 ad
242 1979 344 2018 quae
379 1967 505 2007 verba
548 1967 653 2005 bona
686 1970 747 2005 est
786 1965 1018 2004 observatio
1051 1965 1362 2005 llemsterhusii:
1408 1964 1522 2004 Haec
1566 1969 1697 2004 autem

155 2038 204 2077 de
224 2038 318 2088 ipsa
334 2038 485 2077 Hecale
515 2037 594 2076 clici
618 2041 721 2087 puta
752 2036 807 2075 ad
840 2035 1031 2074 Theseum
1062 2036 1299 2075 invisentem
1325 2038 1564 2088 prodeunte.
1599 2038 1695 2076 Tum

155 2114 290 2162 poeta,
323 2110 509 2150 versibus
543 2108 693 2159 aliquot
723 2107 963 2158 interiectis,
993 2107 1061 2146 ubi
1093 2107 1313 2160 apparebat
1334 2108 1492 2148 Theseo
1525 2113 1565 2148 et
1594 2120 1699 2148 con-

158 2183 328 2222 sistebat
358 2193 495 2221 coram
526 2180 700 2230 Theseo,
727 2180 840 2232 quasi
873 2180 957 2231 ipse
991 2179 1194 2220 admirans
1224 2180 1443 2233 simplicem
1474 2181 1546 2221 sed
1577 2193 1698 2220 mun-

160 2254 252 2294 dum
283 2259 399 2305 atque
433 2254 676 2293 concinnum
716 2252 892 2292 mulieris
926 2252 1129 2304 habitum,
1158 2257 1279 2305 utque
1308 2253 1509 2306 placuisse
1540 2252 1697 2293 Theseo

160 2337 249 2365 eum
279 2324 454 2365 habitum
484 2325 752 2378 significaret:

438 2394 591 2450 ἔπρεπέ
624 2411 687 2437 τοι
717 2397 960 2450 προέχουσα
995 2401 1034 2436 ct
1064 2408 1164 2448 quae
1194 2408 1278 2447 seq.

275 2468 486 2509 Caeterum
519 2469 567 2509 ad
600 2470 757 2522 Fragm.
788 2470 958 2510 CXXIV.
991 2469 1089 2508 nihil
1121 2469 1253 2508 habeo
1289 2467 1395 2520 quod
1426 2467 1570 2507 addam
1604 2468 1696 2509 olim

162 2541 384 2593 disputatis,
419 2542 495 2580 nisi
525 2540 603 2580 hoc
620 2540 773 2592 Toupio
796 2539 992 2580 Emendd.
1021 2541 1060 2580 in
1091 2539 1200 2581 Suid.
1231 2538 1269 2578 P.
1290 2538 1335 2578 V.
1356 2538 1441 2578 Vol.
1465 2538 1527 2578 ΙΙΙ.
1549 2551 1587 2592 p.
1607 2539 1698 2580 137.

163 2615 227 2664 (Τ.
261 2614 307 2653 ll.
339 2627 375 2666 p.
409 2614 505 2657 253.
541 2614 605 2653 ed.
636 2614 766 2665 Lips.)
798 2613 1069 2664 observatum,
1099 2612 1150 2652 ad
1182 2612 1288 2652 idem
1314 2611 1580 2664 fragmentum
1607 2610 1703 2650 illud

162 2687 396 2739 respexisse
429 2685 556 2725 videri
589 2684 751 2725 Suidam
783 2685 822 2723 in
855 2686 1124 2735 ΠΙέμβλωκε·
1159 2708 1213 2714 -—
1255 2680 1528 2735 μεμβλωκός,
1560 2697 1705 2736 παρα-

162 2758 398 2813 γενόμενον,
433 2759 505 2797 καί
531 2758 624 2807 μετ’
652 2756 891 2807 ἐπιμελείας
925 2757 1284 2796 κατασκευασθὲν.
1331 2759 1395 2805 et,
1427 2754 1461 2794 si
1496 2754 1576 2794 hoc
1604 2756 1702 2794 tanti

163 2833 215 2873 sit
245 2837 288 2872 ut
319 2832 585 2882 observetur,
626 2828 728 2882 apud
770 2827 932 2870 Suidam
963 2830 1002 2868 in
1041 2827 1223 2882 Πίλημα
1255 2829 1458 2868 inventam
1495 2840 1519 2868 a
1549 2826 1701 2880 Toupio
