<?xml version="1.0" encoding="UTF-8"?>
<!DOCTYPE html PUBLIC "-//W3C//DTD XHTML 1.0 Transitional//EN"
    "http://www.w3.org/TR/xhtml1/DTD/xhtml1-transitional.dtd">
<html xmlns="http://www.w3.org/1999/xhtml" xml:lang="en" lang="en">
 <head>
  <title>
</title>
<meta http-equiv="Content-Type" content="text/html;charset=utf-8" />
  <meta name='ocr-system' content='tesseract 3.04.00' />
  <meta name='ocr-capabilities' content='ocr_page ocr_carea ocr_par ocr_line ocrx_word'/>
</head>
<body>
  <div class='ocr_page' id='page_1' title='image "./opusculaphilolog02naekuoft/opusculaphilolog02naekuoft_0217.png"; bbox 0 0 1856 3126; ppageno 0'>
   <div class='ocr_carea' id='block_1_1' title="bbox 773 129 1076 169">
    <p class='ocr_par' dir='ltr' id='par_1_1' title="bbox 773 129 1076 169">
     <span class='ocr_line' id='line_1_1' title="bbox 773 129 1076 169; baseline 0.01 -3"><span class='ocrx_word' id='word_1_1' title='bbox 773 129 1076 169; x_wconf 77' lang='lat'>-207—</span> 
     </span>
    </p>
   </div>
   <div class='ocr_carea' id='block_1_2' title="bbox 158 242 1709 2903">
    <p class='ocr_par' dir='ltr' id='par_1_2' title="bbox 164 242 1709 659">
     <span class='ocr_line' id='line_1_2' title="bbox 166 242 1684 298; baseline 0 -14"><span class='ocrx_word' id='word_1_2' title='bbox 166 255 244 298; x_wconf 78' lang='lat' dir='ltr'>quo</span> <span class='ocrx_word' id='word_1_3' title='bbox 270 243 528 285; x_wconf 82' lang='lat' dir='ltr'>fundamento</span> <span class='ocrx_word' id='word_1_4' title='bbox 558 242 706 284; x_wconf 81' lang='lat' dir='ltr'>nititur.</span> <span class='ocrx_word' id='word_1_5' title='bbox 767 245 1078 286; x_wconf 78' lang='lat' dir='ltr'>Fundamentum</span> <span class='ocrx_word' id='word_1_6' title='bbox 1110 246 1229 296; x_wconf 86' lang='lat' dir='ltr'>dico,</span> <span class='ocrx_word' id='word_1_7' title='bbox 1273 244 1380 298; x_wconf 83' lang='lat' dir='ltr'>quod</span> <span class='ocrx_word' id='word_1_8' title='bbox 1419 256 1521 298; x_wconf 85' lang='lat' dir='ltr'>quae</span> <span class='ocrx_word' id='word_1_9' title='bbox 1553 244 1684 285; x_wconf 85' lang='lat' dir='ltr'>adhuc</span> 
     </span>
     <span class='ocr_line' id='line_1_3' title="bbox 165 315 1684 372; baseline 0.001 -16"><span class='ocrx_word' id='word_1_10' title='bbox 165 318 397 367; x_wconf 75' lang='lat' dir='ltr'>Fragmenta</span> <span class='ocrx_word' id='word_1_11' title='bbox 430 318 467 356; x_wconf 93' lang='lat' dir='ltr'>in</span> <span class='ocrx_word' id='word_1_12' title='bbox 497 315 692 366; x_wconf 64' lang='lat' dir='ltr'>Episodio</span> <span class='ocrx_word' id='word_1_13' title='bbox 721 319 851 369; x_wconf 86' lang='lat' dir='ltr'>posui,</span> <span class='ocrx_word' id='word_1_14' title='bbox 884 330 986 372; x_wconf 87' lang='lat' dir='ltr'>quae</span> <span class='ocrx_word' id='word_1_15' title='bbox 1020 319 1104 358; x_wconf 81' lang='lat' dir='ltr'>fere</span> <span class='ocrx_word' id='word_1_16' title='bbox 1137 320 1267 358; x_wconf 89' lang='lat' dir='ltr'>omnia</span> <span class='ocrx_word' id='word_1_17' title='bbox 1297 319 1569 372; x_wconf 84' lang='lat' dir='ltr'>geographica</span> <span class='ocrx_word' id='word_1_18' title='bbox 1599 320 1684 358; x_wconf 80' lang='lat' dir='ltr'>sive</span> 
     </span>
     <span class='ocr_line' id='line_1_4' title="bbox 165 388 1684 444; baseline 0.002 -16"><span class='ocrx_word' id='word_1_19' title='bbox 165 389 454 442; x_wconf 82' lang='lat' dir='ltr'>topographica</span> <span class='ocrx_word' id='word_1_20' title='bbox 485 393 623 438; x_wconf 77' lang='lat' dir='ltr'>erant,</span> <span class='ocrx_word' id='word_1_21' title='bbox 654 388 771 429; x_wconf 79' lang='lat' dir='ltr'>facile</span> <span class='ocrx_word' id='word_1_22' title='bbox 800 402 845 430; x_wconf 87' lang='lat' dir='ltr'>se</span> <span class='ocrx_word' id='word_1_23' title='bbox 876 391 924 430; x_wconf 89' lang='lat' dir='ltr'>ad</span> <span class='ocrx_word' id='word_1_24' title='bbox 966 390 1218 430; x_wconf 79' lang='lat' dir='ltr'>efficiendum</span> <span class='ocrx_word' id='word_1_25' title='bbox 1265 392 1512 444; x_wconf 84' lang='lat' dir='ltr'>probabilem</span> <span class='ocrx_word' id='word_1_26' title='bbox 1552 403 1684 444; x_wconf 86' lang='lat' dir='ltr'>qucu-</span> 
     </span>
     <span class='ocr_line' id='line_1_5' title="bbox 166 458 1709 516; baseline 0.003 -17"><span class='ocrx_word' id='word_1_27' title='bbox 166 462 254 500; x_wconf 88' lang='lat' dir='ltr'>dam</span> <span class='ocrx_word' id='word_1_28' title='bbox 293 461 533 500; x_wconf 82' lang='lat' dir='ltr'>narrationis</span> <span class='ocrx_word' id='word_1_29' title='bbox 568 460 749 501; x_wconf 82' lang='lat' dir='ltr'>Theseae</span> <span class='ocrx_word' id='word_1_30' title='bbox 787 475 931 501; x_wconf 82' lang='lat' dir='ltr'>nexum</span> <span class='ocrx_word' id='word_1_31' title='bbox 975 463 1255 514; x_wconf 86' lang='lat' dir='ltr'>praebuerunt.</span> <span class='ocrx_word' id='word_1_32' title='bbox 1324 464 1541 516; x_wconf 81' lang='lat' dir='ltr'>Supersunt</span> <span class='ocrx_word' id='word_1_33' title='bbox 1582 458 1709 504; x_wconf 44' lang='lat' dir='ltr'>Fra?</span> 
     </span>
     <span class='ocr_line' id='line_1_6' title="bbox 164 533 1395 587; baseline 0.003 -15"><span class='ocrx_word' id='word_1_34' title='bbox 164 538 324 586; x_wconf 84' lang='lat' dir='ltr'>gmenta</span> <span class='ocrx_word' id='word_1_35' title='bbox 355 533 556 583; x_wconf 79' lang='lat' dir='ltr'>nonnulla,</span> <span class='ocrx_word' id='word_1_36' title='bbox 587 544 688 585; x_wconf 87' lang='lat' dir='ltr'>quac</span> <span class='ocrx_word' id='word_1_37' title='bbox 719 538 759 574; x_wconf 85' lang='lat' dir='ltr'>et.</span> <span class='ocrx_word' id='word_1_38' title='bbox 787 535 871 586; x_wconf 89' lang='lat' dir='ltr'>ipsa</span> <span class='ocrx_word' id='word_1_39' title='bbox 906 535 1102 574; x_wconf 86' lang='lat' dir='ltr'>communi</span> <span class='ocrx_word' id='word_1_40' title='bbox 1133 535 1395 587; x_wconf 81' lang='lat' dir='ltr'>appellatione</span> 
     </span>
     <span class='ocr_line' id='line_1_7' title="bbox 646 606 1199 659; baseline 0.004 -15"><span class='ocrx_word' id='word_1_41' title='bbox 646 606 1199 659; x_wconf 82' lang='lat' dir='ltr'>geographica</span> 
     </span>
    </p>

    <p class='ocr_par' dir='ltr' id='par_1_3' title="bbox 161 677 1687 1018">
     <span class='ocr_line' id='line_1_8' title="bbox 169 677 1687 731; baseline 0.002 -15"><span class='ocrx_word' id='word_1_42' title='bbox 169 677 472 728; x_wconf 82' lang='lat' dir='ltr'>appellaverim:</span> <span class='ocrx_word' id='word_1_43' title='bbox 506 689 648 728; x_wconf 80' lang='lat' dir='ltr'>unum,</span> <span class='ocrx_word' id='word_1_44' title='bbox 681 679 784 731; x_wconf 89' lang='lat' dir='ltr'>quod</span> <span class='ocrx_word' id='word_1_45' title='bbox 816 691 866 718; x_wconf 80' lang='lat' dir='ltr'>ex</span> <span class='ocrx_word' id='word_1_46' title='bbox 894 679 1041 718; x_wconf 86' lang='lat' dir='ltr'>Hecale</span> <span class='ocrx_word' id='word_1_47' title='bbox 1071 691 1163 718; x_wconf 86' lang='lat' dir='ltr'>esse</span> <span class='ocrx_word' id='word_1_48' title='bbox 1193 678 1477 731; x_wconf 86' lang='lat' dir='ltr'>perhibuerunt</span> <span class='ocrx_word' id='word_1_49' title='bbox 1504 680 1578 719; x_wconf 67' lang='lat' dir='ltr'>viri</span> <span class='ocrx_word' id='word_1_50' title='bbox 1608 680 1687 720; x_wconf 86' lang='lat' dir='ltr'>‹lo-</span> 
     </span>
     <span class='ocr_line' id='line_1_9' title="bbox 167 736 1687 801; baseline 0.003 -13"><span class='ocrx_word' id='word_1_51' title='bbox 167 750 230 799; x_wconf 78' lang='lat' dir='ltr'>cti,</span> <span class='ocrx_word' id='word_1_52' title='bbox 261 750 441 801; x_wconf 81' lang='lat' dir='ltr'>vestigiis</span> <span class='ocrx_word' id='word_1_53' title='bbox 473 749 562 790; x_wconf 86' lang='lat' dir='ltr'>freti</span> <span class='ocrx_word' id='word_1_54' title='bbox 593 751 745 790; x_wconf 88' lang='lat' dir='ltr'>codicis</span> <span class='ocrx_word' id='word_1_55' title='bbox 778 751 956 800; x_wconf 86' lang='lat' dir='ltr'>alicuius,</span> <span class='ocrx_word' id='word_1_56' title='bbox 984 751 1048 790; x_wconf 66' lang='lat' dir='ltr'>vel</span> <span class='ocrx_word' id='word_1_57' title='bbox 1078 751 1277 800; x_wconf 73' lang='lat' dir='ltr'>codicum,</span> <span class='ocrx_word' id='word_1_58' title='bbox 1308 752 1519 791; x_wconf 84' lang='lat' dir='ltr'>admodum</span> <span class='ocrx_word' id='word_1_59' title='bbox 1550 736 1687 793; x_wconf 85' lang='lat' dir='ltr'>incer-</span> 
     </span>
     <span class='ocr_line' id='line_1_10' title="bbox 163 821 1684 876; baseline 0.002 -14"><span class='ocrx_word' id='word_1_60' title='bbox 163 822 234 871; x_wconf 83' lang='lat' dir='ltr'>tis3</span> <span class='ocrx_word' id='word_1_61' title='bbox 265 821 354 869; x_wconf 86' lang='lat' dir='ltr'>alia,</span> <span class='ocrx_word' id='word_1_62' title='bbox 386 834 487 874; x_wconf 87' lang='lat' dir='ltr'>quae</span> <span class='ocrx_word' id='word_1_63' title='bbox 509 834 560 862; x_wconf 82' lang='lat' dir='ltr'>ex</span> <span class='ocrx_word' id='word_1_64' title='bbox 577 823 726 863; x_wconf 86' lang='lat' dir='ltr'>Hecale</span> <span class='ocrx_word' id='word_1_65' title='bbox 749 834 841 863; x_wconf 86' lang='lat' dir='ltr'>esse</span> <span class='ocrx_word' id='word_1_66' title='bbox 864 824 1071 873; x_wconf 79' lang='lat' dir='ltr'>coniicias,</span> <span class='ocrx_word' id='word_1_67' title='bbox 1102 825 1288 876; x_wconf 88' lang='lat' dir='ltr'>quoniam</span> <span class='ocrx_word' id='word_1_68' title='bbox 1311 824 1359 863; x_wconf 87' lang='lat' dir='ltr'>ad</span> <span class='ocrx_word' id='word_1_69' title='bbox 1384 825 1684 876; x_wconf 83' lang='lat' dir='ltr'>topographiam</span> 
     </span>
     <span class='ocr_line' id='line_1_11' title="bbox 163 893 1686 948; baseline 0.003 -14"><span class='ocrx_word' id='word_1_70' title='bbox 163 894 320 934; x_wconf 85' lang='lat' dir='ltr'>Atticae</span> <span class='ocrx_word' id='word_1_71' title='bbox 349 898 414 934; x_wconf 89' lang='lat' dir='ltr'>aut</span> <span class='ocrx_word' id='word_1_72' title='bbox 445 893 608 933; x_wconf 87' lang='lat' dir='ltr'>aliarum</span> <span class='ocrx_word' id='word_1_73' title='bbox 637 896 847 948; x_wconf 83' lang='lat' dir='ltr'>regionum</span> <span class='ocrx_word' id='word_1_74' title='bbox 889 908 976 935; x_wconf 90' lang='lat' dir='ltr'>cum</span> <span class='ocrx_word' id='word_1_75' title='bbox 1008 895 1173 937; x_wconf 89' lang='lat' dir='ltr'>historia</span> <span class='ocrx_word' id='word_1_76' title='bbox 1213 897 1514 936; x_wconf 86' lang='lat' dir='ltr'>coniunctarum</span> <span class='ocrx_word' id='word_1_77' title='bbox 1544 898 1686 938; x_wconf 78' lang='lat' dir='ltr'>Thesei</span> 
     </span>
     <span class='ocr_line' id='line_1_12' title="bbox 161 969 356 1018; baseline 0.005 -13"><span class='ocrx_word' id='word_1_78' title='bbox 161 969 356 1018; x_wconf 86' lang='lat' dir='ltr'>spectant.</span> 
     </span>
    </p>

    <p class='ocr_par' dir='ltr' id='par_1_4' title="bbox 274 1037 1460 1092">
     <span class='ocr_line' id='line_1_13' title="bbox 274 1037 1460 1092; baseline 0.003 -14"><span class='ocrx_word' id='word_1_79' title='bbox 274 1037 390 1086; x_wconf 85' lang='lat' dir='ltr'>Quod</span> <span class='ocrx_word' id='word_1_80' title='bbox 423 1038 550 1091; x_wconf 91' lang='lat' dir='ltr'>primo</span> <span class='ocrx_word' id='word_1_81' title='bbox 579 1037 670 1078; x_wconf 94' lang='lat' dir='ltr'>loco</span> <span class='ocrx_word' id='word_1_82' title='bbox 707 1038 816 1090; x_wconf 81' lang='lat' dir='ltr'>dixi,</span> <span class='ocrx_word' id='word_1_83' title='bbox 849 1039 950 1092; x_wconf 90' lang='lat' dir='ltr'>apud</span> <span class='ocrx_word' id='word_1_84' title='bbox 979 1039 1220 1092; x_wconf 84' lang='lat' dir='ltr'>Stephanum</span> <span class='ocrx_word' id='word_1_85' title='bbox 1249 1038 1343 1091; x_wconf 85' lang='lat' dir='ltr'><strong>Byz.</strong></span> <span class='ocrx_word' id='word_1_86' title='bbox 1375 1043 1460 1081; x_wconf 88' lang='lat' dir='ltr'>est:</span> 
     </span>
    </p>

    <p class='ocr_par' dir='ltr' id='par_1_5' title="bbox 494 1104 1689 1234">
     <span class='ocr_line' id='line_1_14' title="bbox 497 1104 1689 1164; baseline 0 -13"><span class='ocrx_word' id='word_1_87' title='bbox 497 1111 645 1164; x_wconf 77' lang='grc' dir='ltr'>Δι’κτη,</span> <span class='ocrx_word' id='word_1_88' title='bbox 675 1104 772 1162; x_wconf 75' lang='grc' dir='ltr'><strong><em>ὅρος</em></strong></span> <span class='ocrx_word' id='word_1_89' title='bbox 805 1107 990 1163; x_wconf 76' lang='grc' dir='ltr'><strong><em>Κρήτης.</em></strong></span> <span class='ocrx_word' id='word_1_90' title='bbox 1024 1112 1318 1163; x_wconf 68' lang='grc' dir='ltr'><em>Καλλίμαχος,</em></span> <span class='ocrx_word' id='word_1_91' title='bbox 1349 1124 1368 1149; x_wconf 83' lang='grc' dir='ltr'><em>ε</em></span> <span class='ocrx_word' id='word_1_92' title='bbox 1400 1111 1463 1160; x_wconf 68' lang='grc'>(7)</span> <span class='ocrx_word' id='word_1_93' title='bbox 1492 1108 1539 1151; x_wconf 85' lang='grc' dir='ltr'>τὸ</span> <span class='ocrx_word' id='word_1_94' title='bbox 1571 1107 1689 1151; x_wconf 75' lang='grc' dir='ltr'>ἐθνι-</span> 
     </span>
     <span class='ocr_line' id='line_1_15' title="bbox 494 1181 1135 1234; baseline 0.003 -14"><span class='ocrx_word' id='word_1_95' title='bbox 494 1181 588 1234; x_wconf 80' lang='grc' dir='ltr'>κὸν,</span> <span class='ocrx_word' id='word_1_96' title='bbox 617 1186 815 1230; x_wconf 83' lang='grc' dir='ltr'><strong><em>Δικταῖος</em></strong></span> <span class='ocrx_word' id='word_1_97' title='bbox 843 1183 917 1222; x_wconf 77' lang='grc' dir='ltr'>καί</span> <span class='ocrx_word' id='word_1_98' title='bbox 945 1184 1135 1223; x_wconf 82' lang='grc' dir='ltr'><em>Δικταιά.</em></span> 
     </span>
    </p>

    <p class='ocr_par' dir='ltr' id='par_1_6' title="bbox 158 1255 1690 2687">
     <span class='ocr_line' id='line_1_16' title="bbox 163 1255 1688 1310; baseline 0.002 -16"><span class='ocrx_word' id='word_1_99' title='bbox 163 1257 352 1295; x_wconf 89' lang='lat' dir='ltr'>omissum</span> <span class='ocrx_word' id='word_1_100' title='bbox 375 1268 396 1295; x_wconf 91' lang='lat' dir='ltr'>a</span> <span class='ocrx_word' id='word_1_101' title='bbox 419 1255 600 1295; x_wconf 87' lang='lat' dir='ltr'>Bentleio</span> <span class='ocrx_word' id='word_1_102' title='bbox 632 1255 910 1309; x_wconf 82' lang='lat' dir='ltr'>fragmentum.</span> <span class='ocrx_word' id='word_1_103' title='bbox 970 1255 1013 1296; x_wconf 87' lang='lat' dir='ltr'>Si</span> <span class='ocrx_word' id='word_1_104' title='bbox 1045 1257 1234 1296; x_wconf 88' lang='lat' dir='ltr'>omissum</span> <span class='ocrx_word' id='word_1_105' title='bbox 1255 1261 1367 1297; x_wconf 86' lang='lat' dir='ltr'>recte</span> <span class='ocrx_word' id='word_1_106' title='bbox 1398 1256 1552 1307; x_wconf 87' lang='lat' dir='ltr'>dicitur,</span> <span class='ocrx_word' id='word_1_107' title='bbox 1582 1258 1688 1310; x_wconf 92' lang='lat' dir='ltr'>quod</span> 
     </span>
     <span class='ocr_line' id='line_1_17' title="bbox 164 1328 1687 1381; baseline 0.002 -14"><span class='ocrx_word' id='word_1_108' title='bbox 164 1329 251 1380; x_wconf 84' lang='lat' dir='ltr'>quis</span> <span class='ocrx_word' id='word_1_109' title='bbox 283 1328 466 1368; x_wconf 86' lang='lat' dir='ltr'>consulto</span> <span class='ocrx_word' id='word_1_110' title='bbox 507 1328 698 1368; x_wconf 89' lang='lat' dir='ltr'>omiserit.</span> <span class='ocrx_word' id='word_1_111' title='bbox 759 1329 958 1369; x_wconf 81' lang='lat' dir='ltr'>Censebat</span> <span class='ocrx_word' id='word_1_112' title='bbox 991 1329 1215 1379; x_wconf 56' lang='lat' dir='ltr'>Remmius,</span> <span class='ocrx_word' id='word_1_113' title='bbox 1260 1329 1336 1369; x_wconf 89' lang='lat' dir='ltr'>nisi</span> <span class='ocrx_word' id='word_1_114' title='bbox 1374 1330 1515 1381; x_wconf 82' lang='lat' dir='ltr'>fallor,</span> <span class='ocrx_word' id='word_1_115' title='bbox 1557 1330 1687 1370; x_wconf 91' lang='lat' dir='ltr'>locum</span> 
     </span>
     <span class='ocr_line' id='line_1_18' title="bbox 162 1400 1687 1453; baseline 0.001 -14"><span class='ocrx_word' id='word_1_116' title='bbox 162 1401 309 1452; x_wconf 80' lang='lat' dir='ltr'>respici</span> <span class='ocrx_word' id='word_1_117' title='bbox 343 1413 363 1440; x_wconf 90' lang='lat' dir='ltr'>a</span> <span class='ocrx_word' id='word_1_118' title='bbox 395 1401 597 1453; x_wconf 88' lang='lat' dir='ltr'>Stephano</span> <span class='ocrx_word' id='word_1_119' title='bbox 633 1411 714 1440; x_wconf 89' lang='lat' dir='ltr'>non</span> <span class='ocrx_word' id='word_1_120' title='bbox 747 1401 935 1439; x_wconf 86' lang='lat' dir='ltr'>carminis</span> <span class='ocrx_word' id='word_1_121' title='bbox 966 1411 1072 1439; x_wconf 88' lang='lat' dir='ltr'>nunc</span> <span class='ocrx_word' id='word_1_122' title='bbox 1108 1400 1327 1452; x_wconf 81' lang='lat' dir='ltr'>deperditi,</span> <span class='ocrx_word' id='word_1_123' title='bbox 1356 1400 1428 1439; x_wconf 89' lang='lat' dir='ltr'>sed</span> <span class='ocrx_word' id='word_1_124' title='bbox 1467 1405 1687 1441; x_wconf 77' lang='lat' dir='ltr'>exstant-em</span> 
     </span>
     <span class='ocr_line' id='line_1_19' title="bbox 163 1473 1690 1526; baseline 0 -12"><span class='ocrx_word' id='word_1_125' title='bbox 163 1475 376 1514; x_wconf 76' lang='lat' dir='ltr'>etiamnum</span> <span class='ocrx_word' id='word_1_126' title='bbox 409 1474 446 1513; x_wconf 91' lang='lat' dir='ltr'>in</span> <span class='ocrx_word' id='word_1_127' title='bbox 476 1474 652 1526; x_wconf 79' lang='lat' dir='ltr'>Hymnis‚</span> <span class='ocrx_word' id='word_1_128' title='bbox 685 1474 857 1513; x_wconf 85' lang='lat' dir='ltr'>sortasse</span> <span class='ocrx_word' id='word_1_129' title='bbox 888 1473 924 1512; x_wconf 92' lang='lat' dir='ltr'>h.</span> <span class='ocrx_word' id='word_1_130' title='bbox 951 1473 1066 1513; x_wconf 86' lang='lat' dir='ltr'>Dian.</span> <span class='ocrx_word' id='word_1_131' title='bbox 1093 1473 1185 1513; x_wconf 73' lang='lat'>197.</span> <span class='ocrx_word' id='word_1_132' title='bbox 1214 1485 1272 1526; x_wconf 85' lang='lat' dir='ltr'>sq.</span> <span class='ocrx_word' id='word_1_133' title='bbox 1335 1474 1445 1521; x_wconf 87' lang='lat' dir='ltr'>Quae</span> <span class='ocrx_word' id='word_1_134' title='bbox 1475 1478 1536 1513; x_wconf 89' lang='lat' dir='ltr'>est</span> <span class='ocrx_word' id='word_1_135' title='bbox 1564 1485 1690 1514; x_wconf 84' lang='lat' dir='ltr'>exor-</span> 
     </span>
     <span class='ocr_line' id='line_1_20' title="bbox 162 1546 1687 1599; baseline 0 -13"><span class='ocrx_word' id='word_1_136' title='bbox 162 1551 254 1586; x_wconf 83' lang='lat' dir='ltr'>nata</span> <span class='ocrx_word' id='word_1_137' title='bbox 284 1547 332 1586; x_wconf 90' lang='lat' dir='ltr'>ab</span> <span class='ocrx_word' id='word_1_138' title='bbox 352 1546 558 1586; x_wconf 88' lang='lat' dir='ltr'>Holstenio</span> <span class='ocrx_word' id='word_1_139' title='bbox 595 1547 824 1586; x_wconf 89' lang='lat' dir='ltr'>coniectura</span> <span class='ocrx_word' id='word_1_140' title='bbox 858 1546 942 1585; x_wconf 82' lang='lat' dir='ltr'>veri</span> <span class='ocrx_word' id='word_1_141' title='bbox 973 1546 1070 1586; x_wconf 88' lang='lat' dir='ltr'>satis</span> <span class='ocrx_word' id='word_1_142' title='bbox 1101 1546 1252 1586; x_wconf 87' lang='lat' dir='ltr'>similis.</span> <span class='ocrx_word' id='word_1_143' title='bbox 1312 1546 1474 1587; x_wconf 85' lang='lat' dir='ltr'>Scilicet</span> <span class='ocrx_word' id='word_1_144' title='bbox 1499 1559 1616 1599; x_wconf 91' lang='lat' dir='ltr'>quum</span> <span class='ocrx_word' id='word_1_145' title='bbox 1649 1547 1687 1586; x_wconf 89' lang='lat' dir='ltr'>in</span> 
     </span>
     <span class='ocr_line' id='line_1_21' title="bbox 163 1618 1688 1672; baseline 0.001 -14"><span class='ocrx_word' id='word_1_146' title='bbox 163 1619 327 1672; x_wconf 76' lang='lat' dir='ltr'>llymnis</span> <span class='ocrx_word' id='word_1_147' title='bbox 355 1631 437 1658; x_wconf 90' lang='lat' dir='ltr'>non</span> <span class='ocrx_word' id='word_1_148' title='bbox 468 1619 591 1658; x_wconf 89' lang='lat' dir='ltr'>semel</span> <span class='ocrx_word' id='word_1_149' title='bbox 621 1621 822 1666; x_wconf 81' lang='grc' dir='ltr'><em>Δικταῑος</em></span> <span class='ocrx_word' id='word_1_150' title='bbox 856 1631 1002 1658; x_wconf 89' lang='lat' dir='ltr'>nomen</span> <span class='ocrx_word' id='word_1_151' title='bbox 1036 1618 1215 1671; x_wconf 81' lang='lat' dir='ltr'>legatur,</span> <span class='ocrx_word' id='word_1_152' title='bbox 1246 1623 1288 1659; x_wconf 85' lang='lat' dir='ltr'>ut</span> <span class='ocrx_word' id='word_1_153' title='bbox 1317 1619 1357 1659; x_wconf 91' lang='lat' dir='ltr'>in</span> <span class='ocrx_word' id='word_1_154' title='bbox 1396 1618 1542 1671; x_wconf 83' lang='lat' dir='ltr'>hymno</span> <span class='ocrx_word' id='word_1_155' title='bbox 1581 1619 1688 1659; x_wconf 88' lang='lat' dir='ltr'>Iovis</span> 
     </span>
     <span class='ocr_line' id='line_1_22' title="bbox 163 1691 1687 1745; baseline 0.002 -15"><span class='ocrx_word' id='word_1_156' title='bbox 163 1705 201 1731; x_wconf 91' lang='lat' dir='ltr'>v.</span> <span class='ocrx_word' id='word_1_157' title='bbox 229 1692 268 1734; x_wconf 75' lang='lat'>4.</span> <span class='ocrx_word' id='word_1_158' title='bbox 298 1697 336 1731; x_wconf 90' lang='lat' dir='ltr'>et</span> <span class='ocrx_word' id='word_1_159' title='bbox 363 1692 430 1732; x_wconf 73' lang='lat'>47.</span> <span class='ocrx_word' id='word_1_160' title='bbox 462 1703 577 1743; x_wconf 85' lang='lat' dir='ltr'>quem</span> <span class='ocrx_word' id='word_1_161' title='bbox 610 1691 661 1731; x_wconf 86' lang='lat' dir='ltr'>ad</span> <span class='ocrx_word' id='word_1_162' title='bbox 687 1691 819 1731; x_wconf 88' lang='lat' dir='ltr'>locum</span> <span class='ocrx_word' id='word_1_163' title='bbox 852 1691 986 1732; x_wconf 89' lang='lat' dir='ltr'>Schol.</span> <span class='ocrx_word' id='word_1_164' title='bbox 1018 1692 1147 1744; x_wconf 89' lang='lat' dir='ltr'>Apoll.</span> <span class='ocrx_word' id='word_1_165' title='bbox 1178 1691 1305 1732; x_wconf 88' lang='lat' dir='ltr'>Rhod.</span> <span class='ocrx_word' id='word_1_166' title='bbox 1329 1692 1356 1732; x_wconf 87' lang='lat'>1.</span> <span class='ocrx_word' id='word_1_167' title='bbox 1391 1692 1484 1732; x_wconf 76' lang='lat'><strong>509.</strong></span> <span class='ocrx_word' id='word_1_168' title='bbox 1516 1697 1687 1745; x_wconf 89' lang='lat' dir='ltr'>spectat:</span> 
     </span>
     <span class='ocr_line' id='line_1_23' title="bbox 162 1765 1688 1817; baseline 0.003 -14"><span class='ocrx_word' id='word_1_169' title='bbox 162 1765 229 1803; x_wconf 84' lang='lat' dir='ltr'>vix</span> <span class='ocrx_word' id='word_1_170' title='bbox 263 1765 422 1804; x_wconf 88' lang='lat' dir='ltr'>credam</span> <span class='ocrx_word' id='word_1_171' title='bbox 456 1765 698 1817; x_wconf 89' lang='lat' dir='ltr'>Stephanum</span> <span class='ocrx_word' id='word_1_172' title='bbox 733 1765 963 1805; x_wconf 87' lang='lat' dir='ltr'>Callimachi</span> <span class='ocrx_word' id='word_1_173' title='bbox 998 1768 1234 1806; x_wconf 83' lang='lat' dir='ltr'>auctoritate</span> <span class='ocrx_word' id='word_1_174' title='bbox 1266 1765 1370 1806; x_wconf 89' lang='lat' dir='ltr'>istud</span> <span class='ocrx_word' id='word_1_175' title='bbox 1401 1767 1498 1806; x_wconf 89' lang='lat' dir='ltr'>satis</span> <span class='ocrx_word' id='word_1_176' title='bbox 1529 1766 1688 1807; x_wconf 88' lang='lat' dir='ltr'>aliunde</span> 
     </span>
     <span class='ocr_line' id='line_1_24' title="bbox 162 1837 1688 1890; baseline 0.002 -13"><span class='ocrx_word' id='word_1_177' title='bbox 162 1841 321 1888; x_wconf 78' lang='lat' dir='ltr'>notum,</span> <span class='ocrx_word' id='word_1_178' title='bbox 356 1838 499 1877; x_wconf 79' lang='lat' dir='ltr'>Cretae</span> <span class='ocrx_word' id='word_1_179' title='bbox 528 1842 702 1877; x_wconf 90' lang='lat' dir='ltr'>montem</span> <span class='ocrx_word' id='word_1_180' title='bbox 730 1837 875 1877; x_wconf 73' lang='lat' dir='ltr'>Dicten</span> <span class='ocrx_word' id='word_1_181' title='bbox 917 1849 1034 1888; x_wconf 82' lang='lat' dir='ltr'>esse,</span> <span class='ocrx_word' id='word_1_182' title='bbox 1069 1837 1333 1890; x_wconf 86' lang='lat' dir='ltr'>comprobare</span> <span class='ocrx_word' id='word_1_183' title='bbox 1365 1838 1569 1890; x_wconf 86' lang='lat' dir='ltr'>voluisse,</span> <span class='ocrx_word' id='word_1_184' title='bbox 1614 1840 1688 1880; x_wconf 89' lang='lat' dir='ltr'>sed</span> 
     </span>
     <span class='ocr_line' id='line_1_25' title="bbox 165 1909 1689 1965; baseline 0.003 -17"><span class='ocrx_word' id='word_1_185' title='bbox 165 1910 412 1950; x_wconf 84' lang='lat' dir='ltr'>excitaverat</span> <span class='ocrx_word' id='word_1_186' title='bbox 441 1910 599 1949; x_wconf 85' lang='lat' dir='ltr'>doctum</span> <span class='ocrx_word' id='word_1_187' title='bbox 628 1914 810 1962; x_wconf 84' lang='lat' dir='ltr'>poetam,</span> <span class='ocrx_word' id='word_1_188' title='bbox 841 1914 882 1949; x_wconf 93' lang='lat' dir='ltr'>ut</span> <span class='ocrx_word' id='word_1_189' title='bbox 913 1909 1060 1962; x_wconf 89' lang='lat' dir='ltr'>aliquid</span> <span class='ocrx_word' id='word_1_190' title='bbox 1098 1910 1302 1964; x_wconf 83' lang='lat' dir='ltr'>singulare</span> <span class='ocrx_word' id='word_1_191' title='bbox 1337 1910 1527 1951; x_wconf 86' lang='lat' dir='ltr'>doceret:</span> <span class='ocrx_word' id='word_1_192' title='bbox 1571 1912 1689 1965; x_wconf 85' lang='lat' dir='ltr'>quale</span> 
     </span>
     <span class='ocr_line' id='line_1_26' title="bbox 165 1982 1687 2035; baseline 0.003 -14"><span class='ocrx_word' id='word_1_193' title='bbox 165 1986 227 2022; x_wconf 80' lang='lat' dir='ltr'>est</span> <span class='ocrx_word' id='word_1_194' title='bbox 256 1982 349 2022; x_wconf 86' lang='lat' dir='ltr'>illud</span> <span class='ocrx_word' id='word_1_195' title='bbox 382 1994 404 2022; x_wconf 89' lang='lat' dir='ltr'>a</span> <span class='ocrx_word' id='word_1_196' title='bbox 447 1982 643 2022; x_wconf 85' lang='lat' dir='ltr'>Strabone</span> <span class='ocrx_word' id='word_1_197' title='bbox 681 1983 731 2022; x_wconf 85' lang='lat' dir='ltr'>X.</span> <span class='ocrx_word' id='word_1_198' title='bbox 774 1995 811 2034; x_wconf 85' lang='lat' dir='ltr'>p.</span> <span class='ocrx_word' id='word_1_199' title='bbox 843 1982 937 2023; x_wconf 73' lang='lat'>479.</span> <span class='ocrx_word' id='word_1_200' title='bbox 975 1983 1091 2032; x_wconf 58' lang='lat'>(7315.</span> <span class='ocrx_word' id='word_1_201' title='bbox 1122 1989 1205 2035; x_wconf 82' lang='lat' dir='ltr'>sq.)</span> <span class='ocrx_word' id='word_1_202' title='bbox 1249 1983 1534 2035; x_wconf 86' lang='lat' dir='ltr'>reprehensum</span> <span class='ocrx_word' id='word_1_203' title='bbox 1576 1985 1614 2025; x_wconf 91' lang='lat' dir='ltr'>in</span> <span class='ocrx_word' id='word_1_204' title='bbox 1647 1986 1687 2026; x_wconf 89' lang='lat' dir='ltr'>h.</span> 
     </span>
     <span class='ocr_line' id='line_1_27' title="bbox 164 2053 1688 2112; baseline 0.003 -19"><span class='ocrx_word' id='word_1_205' title='bbox 164 2055 277 2094; x_wconf 87' lang='lat' dir='ltr'>Dian.</span> <span class='ocrx_word' id='word_1_206' title='bbox 306 2054 330 2097; x_wconf 82' lang='lat'>1,</span> <span class='ocrx_word' id='word_1_207' title='bbox 362 2054 385 2093; x_wconf 92' lang='lat' dir='ltr'>l.</span> <span class='ocrx_word' id='word_1_208' title='bbox 419 2053 543 2107; x_wconf 81' lang='lat' dir='ltr'>Igitur</span> <span class='ocrx_word' id='word_1_209' title='bbox 573 2055 607 2094; x_wconf 90' lang='lat' dir='ltr'>si</span> <span class='ocrx_word' id='word_1_210' title='bbox 638 2054 729 2104; x_wconf 85' lang='lat' dir='ltr'>hoc,</span> <span class='ocrx_word' id='word_1_211' title='bbox 758 2054 854 2094; x_wconf 91' lang='lat' dir='ltr'>nihil</span> <span class='ocrx_word' id='word_1_212' title='bbox 885 2067 1093 2095; x_wconf 87' lang='lat' dir='ltr'>commune</span> <span class='ocrx_word' id='word_1_213' title='bbox 1120 2059 1252 2112; x_wconf 79' lang='grc' dir='ltr'><em>Δι’κτῃ</em></span> <span class='ocrx_word' id='word_1_214' title='bbox 1284 2068 1372 2096; x_wconf 89' lang='lat' dir='ltr'>cum</span> <span class='ocrx_word' id='word_1_215' title='bbox 1402 2057 1566 2098; x_wconf 88' lang='lat' dir='ltr'>Hecale.</span> <span class='ocrx_word' id='word_1_216' title='bbox 1605 2059 1688 2098; x_wconf 88' lang='lat' dir='ltr'>Ne..</span> 
     </span>
     <span class='ocr_line' id='line_1_28' title="bbox 163 2127 1688 2182; baseline 0.003 -17"><span class='ocrx_word' id='word_1_217' title='bbox 163 2138 239 2178; x_wconf 84' lang='lat' dir='ltr'>que</span> <span class='ocrx_word' id='word_1_218' title='bbox 262 2138 640 2166; x_wconf 88' lang='lat' dir='ltr'>commemorassem</span> <span class='ocrx_word' id='word_1_219' title='bbox 662 2127 918 2180; x_wconf 76' lang='lat' dir='ltr'>Stephanum,</span> <span class='ocrx_word' id='word_1_220' title='bbox 950 2129 1026 2168; x_wconf 90' lang='lat' dir='ltr'>nisi</span> <span class='ocrx_word' id='word_1_221' title='bbox 1053 2133 1229 2169; x_wconf 84' lang='lat' dir='ltr'>exstaret</span> <span class='ocrx_word' id='word_1_222' title='bbox 1252 2131 1483 2170; x_wconf 88' lang='lat' dir='ltr'>coniectura</span> <span class='ocrx_word' id='word_1_223' title='bbox 1502 2130 1688 2182; x_wconf 76' lang='lat' dir='ltr'>sserkelii,</span> 
     </span>
     <span class='ocr_line' id='line_1_29' title="bbox 164 2198 1687 2256; baseline 0.005 -19"><span class='ocrx_word' id='word_1_224' title='bbox 164 2198 386 2250; x_wconf 85' lang='lat' dir='ltr'>cademque</span> <span class='ocrx_word' id='word_1_225' title='bbox 435 2199 643 2239; x_wconf 86' lang='lat' dir='ltr'>Holstenio</span> <span class='ocrx_word' id='word_1_226' title='bbox 688 2204 859 2239; x_wconf 85' lang='lat' dir='ltr'>testante</span> <span class='ocrx_word' id='word_1_227' title='bbox 898 2200 1104 2240; x_wconf 88' lang='lat' dir='ltr'>Salmasii:</span> <span class='ocrx_word' id='word_1_228' title='bbox 1146 2202 1277 2255; x_wconf 82' lang='grc' dir='ltr'><em>Δι’κτη</em></span> <span class='ocrx_word' id='word_1_229' title='bbox 1315 2228 1370 2235; x_wconf 89' lang='lat'>-—</span> <span class='ocrx_word' id='word_1_230' title='bbox 1411 2204 1687 2256; x_wconf 77' lang='grc' dir='ltr'><strong><em>Καλλίμαχος</em></strong></span> 
     </span>
     <span class='ocr_line' id='line_1_30' title="bbox 158 2268 1685 2327; baseline 0.005 -19"><span class='ocrx_word' id='word_1_231' title='bbox 158 2268 330 2327; x_wconf 74' lang='grc' dir='ltr'><strong><em>Ἑκάλῃ,</em></strong></span> <span class='ocrx_word' id='word_1_232' title='bbox 389 2271 513 2319; x_wconf 88' lang='lat' dir='ltr'>Quam</span> <span class='ocrx_word' id='word_1_233' title='bbox 544 2283 621 2324; x_wconf 85' lang='lat' dir='ltr'>ego</span> <span class='ocrx_word' id='word_1_234' title='bbox 653 2282 783 2323; x_wconf 87' lang='lat' dir='ltr'>neque</span> <span class='ocrx_word' id='word_1_235' title='bbox 814 2271 1025 2324; x_wconf 88' lang='lat' dir='ltr'>approbari</span> <span class='ocrx_word' id='word_1_236' title='bbox 1056 2283 1178 2324; x_wconf 86' lang='lat' dir='ltr'>posse</span> <span class='ocrx_word' id='word_1_237' title='bbox 1208 2284 1285 2313; x_wconf 90' lang='lat' dir='ltr'>nec</span> <span class='ocrx_word' id='word_1_238' title='bbox 1314 2273 1478 2314; x_wconf 86' lang='lat' dir='ltr'>refutari</span> <span class='ocrx_word' id='word_1_239' title='bbox 1498 2275 1585 2314; x_wconf 91' lang='lat' dir='ltr'>sine</span> <span class='ocrx_word' id='word_1_240' title='bbox 1607 2275 1685 2315; x_wconf 90' lang='lat' dir='ltr'>alio</span> 
     </span>
     <span class='ocr_line' id='line_1_31' title="bbox 165 2342 1685 2397; baseline 0.006 -17"><span class='ocrx_word' id='word_1_241' title='bbox 165 2342 265 2382; x_wconf 88' lang='lat' dir='ltr'>libro</span> <span class='ocrx_word' id='word_1_242' title='bbox 295 2356 457 2385; x_wconf 83' lang='lat' dir='ltr'>censeo.</span> <span class='ocrx_word' id='word_1_243' title='bbox 519 2346 579 2385; x_wconf 91' lang='lat' dir='ltr'>De</span> <span class='ocrx_word' id='word_1_244' title='bbox 613 2344 753 2397; x_wconf 90' lang='lat' dir='ltr'>quibus</span> <span class='ocrx_word' id='word_1_245' title='bbox 784 2357 889 2384; x_wconf 93' lang='lat' dir='ltr'>nunc</span> <span class='ocrx_word' id='word_1_246' title='bbox 929 2349 1109 2395; x_wconf 80' lang='lat' dir='ltr'>constat,</span> <span class='ocrx_word' id='word_1_247' title='bbox 1148 2350 1295 2385; x_wconf 89' lang='lat' dir='ltr'>tantum</span> <span class='ocrx_word' id='word_1_248' title='bbox 1337 2361 1356 2385; x_wconf 83' lang='grc' dir='ltr'><em>ε</em></span> <span class='ocrx_word' id='word_1_249' title='bbox 1397 2347 1461 2386; x_wconf 83' lang='lat' dir='ltr'>vel</span> <span class='ocrx_word' id='word_1_250' title='bbox 1502 2349 1522 2388; x_wconf 80' lang='grc' dir='ltr'><em>ἑ</em></span> <span class='ocrx_word' id='word_1_251' title='bbox 1565 2347 1629 2387; x_wconf 86' lang='lat' dir='ltr'>vel</span> <span class='ocrx_word' id='word_1_252' title='bbox 1664 2350 1685 2389; x_wconf 85' lang='grc' dir='ltr'><em>ἑ</em></span> 
     </span>
     <span class='ocr_line' id='line_1_32' title="bbox 167 2414 1683 2469; baseline 0.007 -17"><span class='ocrx_word' id='word_1_253' title='bbox 167 2414 324 2454; x_wconf 85' lang='lat' dir='ltr'>habent.</span> <span class='ocrx_word' id='word_1_254' title='bbox 384 2417 412 2456; x_wconf 88' lang='lat' dir='ltr'>E</span> <span class='ocrx_word' id='word_1_255' title='bbox 447 2417 535 2457; x_wconf 89' lang='lat' dir='ltr'>cod.</span> <span class='ocrx_word' id='word_1_256' title='bbox 570 2416 695 2458; x_wconf 89' lang='lat' dir='ltr'>Rehd.</span> <span class='ocrx_word' id='word_1_257' title='bbox 728 2417 966 2469; x_wconf 75' lang='lat' dir='ltr'>Passoviiis:</span> <span class='ocrx_word' id='word_1_258' title='bbox 1002 2419 1135 2457; x_wconf 79' lang='grc' dir='ltr'><strong><em>Καλλ.</em></strong></span> <span class='ocrx_word' id='word_1_259' title='bbox 1169 2419 1189 2457; x_wconf 81' lang='grc' dir='ltr'>ε’</span> <span class='ocrx_word' id='word_1_260' title='bbox 1219 2418 1306 2458; x_wconf 54' lang='lat' dir='ltr'>sav.</span> <span class='ocrx_word' id='word_1_261' title='bbox 1364 2420 1384 2459; x_wconf 82' lang='grc' dir='ltr'><em>ὲ</em></span> <span class='ocrx_word' id='word_1_262' title='bbox 1416 2419 1585 2461; x_wconf 87' lang='lat' dir='ltr'>litteram</span> <span class='ocrx_word' id='word_1_263' title='bbox 1614 2422 1683 2463; x_wconf 90' lang='lat' dir='ltr'>Th.</span> 
     </span>
     <span class='ocr_line' id='line_1_33' title="bbox 168 2486 1682 2546; baseline 0.005 -21"><span class='ocrx_word' id='word_1_264' title='bbox 168 2486 217 2525; x_wconf 84' lang='lat' dir='ltr'>‹lc</span> <span class='ocrx_word' id='word_1_265' title='bbox 248 2486 396 2527; x_wconf 90' lang='lat' dir='ltr'>Pinedo</span> <span class='ocrx_word' id='word_1_266' title='bbox 426 2490 477 2528; x_wconf 89' lang='lat' dir='ltr'>ita</span> <span class='ocrx_word' id='word_1_267' title='bbox 509 2489 744 2542; x_wconf 77' lang='lat' dir='ltr'>explicabat,</span> <span class='ocrx_word' id='word_1_268' title='bbox 774 2490 896 2529; x_wconf 83' lang='lat' dir='ltr'>fuisse</span> <span class='ocrx_word' id='word_1_269' title='bbox 918 2490 1008 2529; x_wconf 89' lang='lat' dir='ltr'>olim</span> <span class='ocrx_word' id='word_1_270' title='bbox 1040 2502 1060 2530; x_wconf 92' lang='lat' dir='ltr'>a</span> <span class='ocrx_word' id='word_1_271' title='bbox 1084 2503 1202 2531; x_wconf 90' lang='lat' dir='ltr'>manu</span> <span class='ocrx_word' id='word_1_272' title='bbox 1220 2491 1409 2543; x_wconf 88' lang='lat' dir='ltr'>Stephani</span> <span class='ocrx_word' id='word_1_273' title='bbox 1439 2486 1682 2546; x_wconf 74' lang='grc' dir='ltr'><em>ἑνὝμνοις,</em></span> 
     </span>
     <span class='ocr_line' id='line_1_34' title="bbox 166 2557 1682 2616; baseline 0.005 -17"><span class='ocrx_word' id='word_1_274' title='bbox 166 2559 226 2599; x_wconf 74' lang='lat' dir='ltr'>vel</span> <span class='ocrx_word' id='word_1_275' title='bbox 258 2557 312 2599; x_wconf 78' lang='grc' dir='ltr'>ἐν</span> <span class='ocrx_word' id='word_1_276' title='bbox 345 2558 547 2612; x_wconf 78' lang='grc' dir='ltr'>Ἰάμβοις.</span> <span class='ocrx_word' id='word_1_277' title='bbox 604 2561 833 2601; x_wconf 82' lang='lat' dir='ltr'>llolstenius</span> <span class='ocrx_word' id='word_1_278' title='bbox 864 2562 988 2601; x_wconf 84' lang='lat' dir='ltr'>fuisse</span> <span class='ocrx_word' id='word_1_279' title='bbox 1020 2560 1231 2615; x_wconf 71' lang='grc' dir='ltr'>ἔνθορεν,</span> <span class='ocrx_word' id='word_1_280' title='bbox 1261 2575 1313 2603; x_wconf 87' lang='lat' dir='ltr'>ex</span> <span class='ocrx_word' id='word_1_281' title='bbox 1333 2563 1480 2616; x_wconf 82' lang='lat' dir='ltr'>hymno</span> <span class='ocrx_word' id='word_1_282' title='bbox 1508 2566 1548 2605; x_wconf 92' lang='lat' dir='ltr'>in</span> <span class='ocrx_word' id='word_1_283' title='bbox 1570 2567 1682 2608; x_wconf 82' lang='lat' dir='ltr'>Dian.</span> 
     </span>
     <span class='ocr_line' id='line_1_35' title="bbox 171 2630 1363 2687; baseline 0.004 -16"><span class='ocrx_word' id='word_1_284' title='bbox 171 2631 260 2672; x_wconf 73' lang='lat'>196.</span> <span class='ocrx_word' id='word_1_285' title='bbox 321 2631 390 2670; x_wconf 90' lang='lat' dir='ltr'>Th.</span> <span class='ocrx_word' id='word_1_286' title='bbox 420 2631 746 2674; x_wconf 87' lang='lat' dir='ltr'>Aldobrandinus</span> <span class='ocrx_word' id='word_1_287' title='bbox 775 2633 1027 2686; x_wconf 86' lang='lat' dir='ltr'>suppleverat</span> <span class='ocrx_word' id='word_1_288' title='bbox 1058 2635 1116 2682; x_wconf 80' lang='grc' dir='ltr'>εἰς</span> <span class='ocrx_word' id='word_1_289' title='bbox 1136 2630 1363 2687; x_wconf 49' lang='lat' dir='ltr'>”Apama</span> 
     </span>
    </p>

    <p class='ocr_par' dir='ltr' id='par_1_7' title="bbox 168 2702 1681 2903">
     <span class='ocr_line' id='line_1_36' title="bbox 275 2702 1681 2762; baseline 0.005 -21"><span class='ocrx_word' id='word_1_290' title='bbox 275 2702 450 2742; x_wconf 76' lang='lat' dir='ltr'>lle-calae</span> <span class='ocrx_word' id='word_1_291' title='bbox 480 2704 674 2745; x_wconf 82' lang='lat' dir='ltr'>vindicari</span> <span class='ocrx_word' id='word_1_292' title='bbox 714 2705 860 2757; x_wconf 82' lang='lat' dir='ltr'>velim,</span> <span class='ocrx_word' id='word_1_293' title='bbox 904 2706 977 2746; x_wconf 83' lang='lat' dir='ltr'>sed</span> <span class='ocrx_word' id='word_1_294' title='bbox 1020 2707 1105 2759; x_wconf 87' lang='lat' dir='ltr'>ipse</span> <span class='ocrx_word' id='word_1_295' title='bbox 1139 2718 1221 2746; x_wconf 89' lang='lat' dir='ltr'>non</span> <span class='ocrx_word' id='word_1_296' title='bbox 1263 2707 1360 2746; x_wconf 76' lang='lat' dir='ltr'>satis</span> <span class='ocrx_word' id='word_1_297' title='bbox 1400 2707 1511 2748; x_wconf 87' lang='lat' dir='ltr'>firma</span> <span class='ocrx_word' id='word_1_298' title='bbox 1553 2721 1681 2762; x_wconf 86' lang='lat' dir='ltr'>argu-</span> 
     </span>
     <span class='ocr_line' id='line_1_37' title="bbox 168 2775 1679 2831; baseline 0.006 -17"><span class='ocrx_word' id='word_1_299' title='bbox 168 2781 299 2815; x_wconf 83' lang='lat' dir='ltr'>menta</span> <span class='ocrx_word' id='word_1_300' title='bbox 336 2775 468 2816; x_wconf 87' lang='lat' dir='ltr'>habeo</span> <span class='ocrx_word' id='word_1_301' title='bbox 509 2777 649 2829; x_wconf 82' lang='lat' dir='ltr'>quibus</span> <span class='ocrx_word' id='word_1_302' title='bbox 687 2778 914 2829; x_wconf 81' lang='lat' dir='ltr'>vindicem,</span> <span class='ocrx_word' id='word_1_303' title='bbox 958 2778 1112 2831; x_wconf 84' lang='lat' dir='ltr'>Fragm.</span> <span class='ocrx_word' id='word_1_304' title='bbox 1153 2779 1391 2821; x_wconf 85' lang='lat' dir='ltr'>CLXXXVI.</span> <span class='ocrx_word' id='word_1_305' title='bbox 1433 2786 1474 2822; x_wconf 86' lang='lat' dir='ltr'>et</span> <span class='ocrx_word' id='word_1_306' title='bbox 1515 2781 1594 2822; x_wconf 91' lang='lat' dir='ltr'>CX.</span> <span class='ocrx_word' id='word_1_307' title='bbox 1626 2783 1679 2823; x_wconf 88' lang='lat' dir='ltr'>ita</span> 
     </span>
     <span class='ocr_line' id='line_1_38' title="bbox 171 2849 476 2903; baseline 0.003 -14"><span class='ocrx_word' id='word_1_308' title='bbox 171 2849 449 2903; x_wconf 85' lang='lat' dir='ltr'>coniungenda</span> <span class='ocrx_word' id='word_1_309' title='bbox 467 2868 476 2890; x_wconf 75' lang='grc' dir='ltr'>ι</span> 
     </span>
    </p>
   </div>
  </div>
 </body>
</html>
