1856 3126
744 93 1047 129 -107—

147 216 189 250 ul
221 209 489 262 intelligantur
518 212 773 256 reverentes,
813 209 882 259 pii.
942 209 1067 248 Unum
1099 220 1143 247 se
1174 218 1296 246 nosse
1326 206 1379 246 ait
1422 205 1508 244 eius
1544 215 1672 243 voca-

151 284 230 322 buli
264 285 483 327 auctorem,
514 280 797 331 Hipponaclem
820 282 972 333 Fragm.
991 281 1051 320 lV.
1082 276 1138 326 ὥς
1169 276 1205 318 οἱ
1235 279 1312 327 μὲν
1342 277 1439 330 dyst
1461 272 1671 328 Βουπάλῳ

150 353 416 405 κατηρῶντο,
460 353 593 404 ibique
637 353 940 404 explicationem
989 350 1121 390 afferri
1163 350 1292 398 hanc,
1332 343 1536 398 μυσαρός.
1597 343 1670 384 sed

156 423 250 464 nihil
281 423 444 462 obsla1·e
475 425 684 475 quominus
714 421 842 475 ἀγῆς,
867 427 906 461 nl
937 419 1091 471 ἅζομαι
1123 422 1308 468 verbum,
1339 420 1523 469 ambigua
1555 416 1676 455 fnisse

155 494 451 547 significatione
480 499 648 546 pulelur.
708 494 845 542 Recte,
877 496 917 532 ut
943 497 1046 543 pulo.
1105 492 1152 530 Et
1185 492 1268 542 ipse
1297 489 1532 527 sententiam
1562 487 1678 533 hanc,

157 565 207 604 de
242 565 426 616 ambigua
456 564 764 617 significatione,
796 564 1002 614 professus
1033 573 1140 601 eram
1175 562 1212 600 in
1236 560 1421 600 Choerilo
1452 572 1487 610 p.
1512 558 1600 596 179.
1619 569 1679 610 sq.

161 636 338 686 admoto,
371 635 477 687 quod
507 639 637 674 tamen
668 647 745 686 quo
776 636 860 673 iure
890 633 1052 673 fecerim
1083 644 1189 671 nunc
1216 633 1300 684 ipse
1332 632 1482 678 dubim,
1512 631 1560 668 ad
1583 629 1682 679 Hip-

158 708 342 760 ponactis
371 707 502 745 locum
531 719 650 746 versu
668 706 933 757 Empedoclis.
994 705 1137 742 Verum
1167 703 1306 741 nescio
1341 713 1417 752 quo
1448 701 1588 746 modo,
1609 699 1680 738 sed

159 779 263 818 haud
296 777 414 817 dubie
448 779 642 817 excitatus
688 779 737 816 ab
771 778 1027 825 Hermanno,
1061 776 1100 814 in
1134 774 1238 814 aliud
1284 773 1425 821 incidi,
1467 784 1546 811 non
1589 770 1682 810 illud

161 849 302 888 melius
335 849 497 887 invento
526 834 766 898 Herm-anni,
799 849 868 888 sed
906 853 1034 887 lamen
1065 859 1143 886 non
1174 844 1466 897 spernendum:
1499 843 1686 894 κωμῆται

162 919 312 960 κάλεον
343 921 438 970 πέρι
470 921 600 966 ἁλέες.
635 919 708 969 sic,
740 919 881 963 α’λέεᾳ
914 930 935 956 c
958 916 1185 956 Callimachi
1215 916 1454 966 Fragmenlo
1477 908 1686 950 LXXXVI.

162 992 274 1030 cuius
308 1003 401 1042 pars
432 992 549 1030 eliam
580 979 619 1030 in
648 991 926 1043 Elymologico
958 990 1138 1029 Gudiano
1169 1000 1204 1039 p.
1237 985 1305 1036 39,
1338 986 1375 1025 9.
1406 989 1447 1023 et
1478 982 1579 1034 apud
1608 981 1687 1020 Fa..

164 1063 351 1102 vorinum
383 1065 421 1101 in
452 1063 601 1102 Lexico
632 1064 805 1114 itemque
836 1063 874 1101 in
905 1061 1068 1112 Eclogis
1102 1072 1138 1110 p.
1179 1057 1245 1097 96.
1276 1057 1369 1096 edit.
1401 1055 1517 1095 Dinfl.
1547 1056 1687 1092 exstat.

166 1134 215 1172 Et
247 1138 325 1172 lum
367 1133 523 1184 quidem
573 1134 622 1173 de
663 1136 825 1173 nomine
852 1132 1073 1184 Ἓκαλιίιῑς
1119 1129 1374 1181 accipiendus
1413 1128 1526 1167 locus
1573 1126 1690 1174 sorel,

173 1204 419 1243 ‹lill'eremlus
450 1206 499 1243 ad
531 1210 680 1256 parlem
709 1204 895 1242 carminis
923 1207 1138 1241 extremam
1156 1232 1166 1250 ,
1194 1200 1261 1239 ubi
1291 1203 1483 1238 mortuam
1514 1193 1692 1234 Hecalen

167 1277 404 1327 congregali
435 1277 598 1326 (ἁλέες,
630 1278 653 1315 i.
676 1289 710 1314 e.
743 1276 907 1324 ἁολέες)
941 1276 1049 1314 circa
1080 1273 1265 1312 tumulum
1296 1271 1485 1323 κωμῆται
1515 1267 1689 1307 salutare

166 1349 327 1388 nomine
360 1346 676 1401 ὗποκοριστικῷ,
700 1347 950 1398 ζΕκαλιίκην,
981 1347 1200 1396 coeperint.

280 1419 595 1471 Hospitalitatem
643 1418 815 1458 Hecales
869 1418 1042 1458 mendici
1089 1427 1247 1469 quoque
1296 1413 1463 1465 experti.
1534 1412 1690 1463 Fragm.

167 1491 286 1532 LVllI
304 1493 341 1531 '⁹⁸2
373 1503 424 1530 ex
455 1492 678 1544 Hesychio:

336 1562 545 1616 Γηφάγοι.
573 1565 766 1615 πένητες,
801 1558 973 1613 ἄποροι,
1010 1561 1065 1608 ὠς
1093 1558 1168 1608 τὰς
1199 1561 1243 1598 ἐκ
1277 1559 1349 1609 γῆς
1379 1553 1555 1608 βοτάνας
1585 1552 1694 1593 σιτί-

339 1633 490 1682 ζεσθαι
518 1635 676 1686 τροφῆς
708 1632 1002 1683 ἅμοιροῦντας.
1063 1632 1341 1682 Καλλίμαχος
1370 1630 1414 1668 ἐν
1435 1624 1598 1679 Ἑκάλῃ.

172 1702 324 1744 Eodem
357 1705 577 1755 respiciunt
606 1704 752 1743 laudati
780 1703 1018 1743 Rulmkenio
1042 1704 1204 1743 Auclar.
1239 1700 1430 1741 Emendd.
1463 1700 1499 1738 in
1524 1695 1698 1748 Hesych.

178 1776 218 1815 T.
250 1775 276 1815 l.
309 1788 344 1826 p.
376 1775 470 1814 828.
529 1776 624 1814 Lex.
657 1775 769 1815 Rhet.
808 1776 886 1814 MS.
924 1786 1030 1814 nunc
1073 1775 1112 1813 in
1143 1773 1314 1813 Bekkeri
1348 1772 1569 1812 Anecdolis
1603 1770 1628 1808 1.
1664 1781 1700 1819 p.

181 1848 274 1896 232,
308 1847 369 1886 17.
399 1851 437 1885 et
465 1846 726 1899 Etymologus
760 1858 797 1898 p.
831 1848 938 1896 221,
964 1847 1029 1886 50.
1072 1845 1175 1897 apud
1217 1856 1318 1897 quos
1361 1839 1618 1891 σιτιζόμεινοι
1662 1842 1702 1877 et

179 1917 453 1968 ἂμοιροῦντες
482 1917 638 1969 legitur.
698 1917 842 1956 Verum
875 1917 966 1956 huic
983 1917 1222 1969 Fragmento
1255 1927 1386 1966 neque
1416 1915 1501 1966 ipse
1533 1913 1705 1951 sortasse

173 1989 312 2028 'locum
343 2000 455 2027 suum
486 1988 742 2038 invenissem,
769 2000 898 2039 neque
928 1988 1014 2027 aliis
1045 1988 1149 2027 hunc
1180 1998 1270 2026 esse
1291 1998 1428 2025 verum
1458 1985 1587 2024 locum
1609 1994 1704 2034 per-

183 2058 418 2108 suaderem,
449 2059 525 2098 nisi
563 2059 667 2098 felici
699 2060 930 2098 coniectura
963 2059 1218 2097 Bullinannus
1247 2057 1370 2096 Lexil.
1399 2056 1429 2095 1.
1459 2068 1496 2107 p.
1526 2053 1592 2094 43.
1624 2057 1706 2093 nol.

185 2130 475 2171 admovendum
514 2130 593 2169 hoc
638 2129 749 2169 alleri
791 2130 1029 2182 Fragmento
1066 2128 1293 2168 Callimachi
1336 2127 1507 2166 antehac
1542 2124 1708 2171 inedito,

188 2203 290 2254 apud
322 2203 649 2243 Choeroboscum
680 2201 850 2241 Bekkeri
882 2200 1035 2241 Anecd.
1066 2199 1128 2240 ΙΙΙ.
1159 2212 1195 2252 p.
1236 2199 1351 2238 1253.

822 2270 909 2311 οἵτε
936 2273 1157 2323 βιοπλανὲς
1186 2267 1311 2323 ἀγρὸν
1342 2268 1412 2308 a’n’
1444 2268 1580 2320 α’γροῦ

356 2345 581 2398 φοιτῶσινε

190 2416 495 2468 ponendumque
527 2417 566 2455 in
596 2416 744 2455 Hecale
778 2420 983 2466 utrumque
1010 2426 1114 2463 esse,
1143 2414 1183 2457 'ul
1205 2413 1352 2454 vicinia
1371 2410 1597 2464 Fragmenli
1615 2408 1713 2448 XLI.

190 2493 276 2528 τῖον
309 2488 354 2526 ὸέ’
385 2484 403 2526 ὲ
435 2489 585 2534 πάντες
615 2484 748 2528 &osmi
771 2492 846 2527 etc.
879 2487 1058 2526 vidisset.
1118 2486 1352 2526 Assekkero
1384 2483 1714 2522 communicatum

194 2560 298 2599 idem
331 2559 424 2598 illud
456 2563 585 2597 exstat
619 2561 659 2597 in
688 2559 891 2598 Annolatt.
936 2557 986 2598 ad
1031 2557 1197 2609 Elymol.
1229 2556 1276 2595 M.
1323 2561 1379 2606 (p.
1413 2540 1512 2604 198.
1548 2554 1609 2592 152.
1649 2553 1716 2592 ubi

193 2632 415 2683 βιοπλανές
447 2643 498 2669 ex
526 2629 667 2669 eodem
692 2630 920 2670 Callimachi
948 2630 1061 2677 loco)
1094 2627 1372 2680 Elymologico
1406 2625 1586 2666 Gudiano
1619 2625 1719 2665 sub-

196 2702 310 2741 ieclis
340 2714 375 2753 p.
409 2700 503 2743 788.
563 2700 744 2740 Addaiur
773 2700 944 2740 Ioannes
965 2699 1259 2739 Alexandrinus
1292 2711 1313 2737 a
1343 2697 1548 2737 Dindorfio
1579 2696 1721 2745 editus,

197 2785 233 2824 p.
269 2773 331 2822 15,
353 2773 414 2812 27.
450 2771 548 2823 apud
584 2784 697 2823 quem
733 2772 812 2810 Sic:
845 2773 886 2810 οῖ’
913 2768 948 2810 οἱ
983 2785 1026 2809 τε
1056 2771 1280 2819 monam&
1306 2768 1435 2822 a’ypov
1468 2769 1538 2807 ἄπ’
1570 2769 1723 2820 α’γςιοῖ·
