1820 3141
743 163 1018 201 ...12-

119 279 264 330 postca
305 275 480 316 nonnulli
510 278 548 316 in
589 277 769 318 ordinem
801 285 1061 331 receperunt:
1109 292 1209 321 unus
1243 268 1323 334 ita,
1354 283 1396 321 ut
1426 281 1635 320 contentus

117 360 169 389 co
208 360 328 388 versu
370 349 513 400 prioris
556 362 696 390 versus
739 350 954 403 reliquias,
995 351 1083 405 τρίς
1113 352 1151 392 δ’
1182 354 1254 393 ἐπὶ
1283 355 1433 404 καλλι,
1472 362 1636 404 prorsus

120 421 320 461 omitteret
331 433 342 469 3
373 419 471 460 alius
503 421 571 472 ita,
603 433 673 462 eas
701 427 742 462 ut
770 427 1042 463 conservaret.
1101 423 1150 463 Ut
1167 418 1322 463 taceam
1352 425 1468 474 aliOS,
1497 423 1635 476 quiex

115 494 168 533 iis
207 492 383 544 reliquiis
413 504 559 533 novum
596 495 865 546 procuderant
906 508 1088 536 versum:
1130 495 1219 551 τρὶς
1249 497 1286 536 δ’
1316 497 1386 536 ἐπὶ
1413 497 1636 548 καλλίστην

122 567 305 606 Σικελῶν
337 565 421 615 (vel
451 567 657 618 Σικανῶν)
689 566 810 608 πόλιν
837 563 991 622 ἤλυθες
1004 564 1163 622 Ἔνναν,
1192 569 1257 609 vel
1288 569 1368 609 sic:
1400 569 1491 623 τρὶς
1510 568 1548 608 δ’
1567 565 1639 608 ἐπὶ

126 639 345 690 καλλίστης
391 637 518 691 νήσου
563 638 722 692 ὃράμες
766 638 960 694 ὀμφαλὸν
993 634 1157 681 ”Ενναν.
1229 640 1427 682 Novitium
1472 639 1635 680 omnino

125 708 461 762 supplementum,
492 715 531 751 et
563 713 764 752 recentius
793 714 914 765 priori
944 713 1034 764 illo,
1061 715 1135 753 sed
1164 715 1276 753 cuius
1307 718 1438 754 tamen
1467 713 1508 753 in
1539 713 1636 752 uni-

123 793 283 821 versum
313 784 509 823 sententia
541 795 620 823 non
650 785 1004 837 reprehendenda,
1037 790 1077 826 ut
1103 785 1311 826 videbatur
1339 785 1538 835 Ernestio,
1561 782 1634 824 sed

119 852 320 894 laudanda
353 860 425 895 est.
485 856 610 903 Quum
642 859 761 908 enim,
789 862 831 898 ut
859 870 976 911 supra
1007 858 1222 909 declaravi,
1252 858 1314 898 bis
1347 857 1453 898 dicat
1483 856 1533 897 de
1564 867 1635 895 er-

121 926 280 967 roribus
310 927 478 969 Cereres
512 933 655 980 poeta:
698 930 822 970 semel
861 930 1036 970 breviter
1074 935 1113 970 et
1154 929 1397 984 generaliter
1424 929 1633 970 v.10.11.

122 995 167 1046 ἔς
197 1002 233 1040 τ’
262 996 332 1040 ἐπὶ
360 999 552 1052 δυθμάς,
591 999 632 1049 ἔς
660 1002 693 1042 τ’
722 1002 792 1042 ἐπί
823 1001 904 1050 τώς
943 1004 1145 1054 μέλανας,
1185 1005 1257 1042 καί
1289 999 1368 1043 ὅπα
1403 1000 1454 1043 τὰ
1486 1017 1555 1055 χρ.
1584 1017 1632 1053 μ.

124 1070 272 1110 deinde
305 1073 529 1112 accuratius
560 1073 654 1113 inde
683 1085 705 1113 a
736 1087 772 1113 v.
805 1074 867 1116 13.
897 1075 987 1125 τρίς
1016 1075 1091 1125 μὲν
1122 1072 1171 1127 δὴ
1205 1076 1345 1127 διέβης
1375 1079 1450 1114 etc.
1481 1074 1521 1115 in
1556 1075 1634 1116 hac

122 1145 373 1184 accuratiore
406 1144 674 1196 descriptione
713 1150 872 1197 practer
903 1146 1043 1185 fluvios
1074 1145 1191 1185 etiam
1233 1150 1425 1186 terrarum
1469 1148 1632 1199 mentio,

122 1216 186 1256 vel
216 1217 331 1256 unius
363 1216 565 1256 cuiusdam
597 1221 729 1257 terrae
761 1229 793 1257 s.
827 1218 1022 1270 regionis,
1051 1219 1337 1270 requirebatur.
1393 1219 1511 1260 Addo
1541 1220 1633 1260 obi-

122 1293 184 1329 ter
213 1288 264 1329 ad
295 1301 358 1339 ea,
384 1300 485 1341 quae
515 1289 564 1330 de
592 1289 799 1330 codicibus
827 1290 1056 1343 Ernestius‚
1087 1291 1361 1342 Ruhnkenius‚
1387 1293 1629 1346 Loesnerus,

121 1363 172 1402 de
201 1361 477 1402 Ambrosianis
505 1361 648 1402 tradita
683 1364 724 1403 in
752 1363 938 1415 Epistolis
971 1363 1021 1403 ad
1049 1363 1204 1404 Ernest.
1238 1377 1260 1404 a
1288 1365 1510 1406 Tittmanno
1539 1366 1631 1406 edi-

123 1436 173 1476 tis
205 1447 243 1488 p.
265 1435 356 1475 138.
413 1434 600 1476 Scholion
633 1435 792 1475 Codicis
830 1433 944 1487 Regii
975 1446 1010 1486 p.
1046 1435 1136 1476 269.
1176 1436 1239 1476 cd.
1273 1436 1431 1478 Ernest.
1470 1437 1630 1490 (Epistt.

118 1508 327 1548 Tittmann.
349 1521 386 1561 p.
408 1509 519 1559 950:
553 1508 818 1560 Καλλίχορον
846 1510 982 1563 φρέαρ
1014 1509 1198 1549 ἐκαλεῖτο
1221 1510 1264 1548 ὲν
1287 1503 1510 1550 Ἐλευσῖνι·
1543 1506 1635 1551 ἔστι

120 1581 167 1621 δὲ
196 1581 268 1621 καί
296 1582 425 1634 δῆμος
454 1580 668 1632 Ἀττικῆς,
700 1584 827 1619 utrum
857 1579 905 1618 ad
935 1581 1106 1632 priscum
1137 1584 1252 1632 atque
1285 1582 1499 1633 genuinum
1530 1591 1631 1620 ver-

122 1666 209 1695 sum
240 1666 261 1694 a
291 1654 406 1694 nobis
433 1655 663 1706 restitutum,
693 1664 743 1692 an
774 1653 823 1693 ad
846 1654 1087 1706 suppositum
1106 1665 1264 1693 versum
1283 1658 1445 1705 spectet,
1471 1653 1630 1694 dubium

119 1732 194 1769 est.
250 1727 482 1778 Putaverim‚
514 1726 564 1766 ad
591 1728 845 1779 suppositum.
959 1721 1164 1778 ἄπυστος,
1193 1728 1232 1767 in
1263 1727 1329 1767 illo
1358 1740 1381 1767 a
1409 1725 1525 1767 nobis
1556 1736 1628 1766 re-

119 1802 254 1842 stituto
287 1798 436 1848 παιὸὁς
466 1793 660 1851 ἄπυστος,
691 1811 742 1839 ne
762 1811 875 1851 quem
906 1799 1081 1840 offendat
1109 1804 1335 1853 propterea,
1369 1800 1474 1853 quod
1504 1810 1629 1852 prae-

120 1876 301 1913 cesserat
326 1872 456 1924 paullo
490 1876 583 1911 ante
612 1885 649 1911 v.
668 1871 705 1911 9.
739 1865 906 1914 ἄηυστα
936 1869 1052 1924 ἴχνια
1081 1873 1372 1928 significatione
1408 1874 1506 1924 alia,
1538 1873 1626 1913 Ho-

118 1959 270 1987 merum
300 1946 557 1997 recordetur,
591 1947 654 1998 qui
685 1950 725 1985 et
753 1946 839 1998 ipse
868 1947 995 1985 variat
1033 1947 1118 1986 eius
1151 1946 1335 1987 vocabuli
1365 1945 1628 1999 significatio..

119 2030 212 2059 nem
243 2017 385 2058 eodem
412 2017 546 2058 modo.
608 2018 665 2057 Cs.
695 2019 729 2057 si
759 2018 901 2069 placet,
930 2017 1076 2058 Callim.
1107 2018 1143 2058 h.
1176 2019 1214 2058 in
1232 2018 1315 2059 Del.
1336 2019 1428 2058 215.
1460 2017 1627 2070 Oppian.

121 2092 167 2133 H.
185 2092 231 2132 11.
252 2091 343 2133 932.
372 2091 544 2131 Marcell.
572 2092 674 2131 Insc.
704 2091 843 2143 Regill.
871 2103 908 2131 v.
931 2091 993 2132 16.

231 2149 438 2204 Caeterum
478 2164 653 2204 admiror
683 2166 918 2218 sapientiam
948 2171 1092 2218 poetae
1120 2166 1254 2216 huius,
1287 2166 1353 2217 qui
1384 2176 1501 2217 quum
1536 2173 1630 2202 car-

121 2249 211 2278 men
241 2238 494 2278 scribendum
526 2239 678 2291 epicum
706 2240 745 2278 in
784 2251 828 2279 se
863 2240 1105 2291 recepisset,
1146 2239 1360 2290 prudenter
1397 2237 1630 2290 ponderatis

120 2311 270 2350 viribus
301 2310 395 2360 suis,
426 2311 465 2350 id
494 2316 766 2364 argumentum
795 2311 987 2365 elegerit,
1025 2312 1130 2364 quod
1160 2323 1289 2364 neque
1317 2311 1433 2351 valde
1466 2310 1629 2363 longum

121 2386 247 2433 esset,·'
271 2395 347 2423 nec
376 2395 494 2436 supra
520 2384 679 2424 modum
707 2384 881 2438 grande,
908 2385 979 2424 sed
1010 2397 1060 2426 ea
1085 2385 1254 2425 maxime
1290 2384 1329 2423 in
1357 2387 1497 2436 parte,
1528 2393 1630 2434 quae

99 2457 163 2497 sin
192 2456 364 2508 hospitio
395 2456 629 2497 versabatur
656 2457 846 2508 Hecales,
878 2458 1060 2497 tenuitati
1091 2469 1139 2497 ac
1168 2456 1351 2497 suavitati
1387 2455 1524 2509 poesis
1553 2455 1632 2495 bu·-

126 2529 280 2570 colicae
306 2531 538 2582 proximum.
597 2531 758 2573 Scilicet
788 2535 904 2570 norat
937 2530 1001 2570 ille
1032 2541 1076 2570 se
1106 2530 1245 2582 ipsum.

233 2602 332 2654 μηδ’
360 2601 431 2641 ἀπ’
461 2603 564 2655 ἐμεῦ
593 2603 739 2659 διφᾶτε
770 2605 878 2657 μέγα
908 2602 1156 2657 ψοφὲουσαν
1188 2596 1348 2654 ἀοιδήν.

123 2673 172 2714 Et
199 2673 443 2725 Propertius:

239 2744 319 2785 Sed
348 2757 472 2795 neque
498 2744 738 2798 Plilegyraeos
767 2746 876 2787 Iovis
905 2746 1173 2798 Enceladique
1196 2745 1381 2786 tumultus

297 2815 451 2855 Intonet
478 2821 645 2868 angusto
671 2822 834 2867 pectore
864 2817 1141 2858 Callimachus.

132 2888 219 2936 Quo
250 2887 366 2928 ctiam
407 2901 457 2929 ex
486 2889 627 2930 eodem
659 2889 861 2943 Propertio
892 2890 1123 2932 Callimachi
1161 2888 1368 2944 appellatio
1394 2889 1474 2929 non
1511 2886 1635 2938 inflati
