1856 3126
790 129 1097 167 —181—

177 241 447 295 Damagetus‚
481 241 748 283 Philodemus.
807 244 954 285 Aratus
984 258 1019 284 v.
1063 244 1158 285 6118.
1209 256 1260 284 ex
1289 245 1571 286 emendatione
1604 246 1717 287 Butt-

176 314 324 353 manni.
382 314 511 367 Magis
542 313 758 365 audacter,
795 316 866 355 sed
898 321 1028 356 tamen
1061 329 1148 356 cum
1200 318 1340 356 nescio
1381 330 1456 369 qua
1498 318 1714 372 elegantia,

173 384 364 425 Moschus
398 384 464 424 III.
499 384 565 424 50.
600 387 826 437 λυπεῖσθε,
861 386 1102 437 πελειάδες,
1142 386 1247 427 ἀλλὰ
1281 388 1354 428 καί
1393 385 1530 439 ὑμεῖς.
1593 391 1716 431 Calli-

171 457 338 496 machus
369 457 407 496 ll.
440 457 480 496 in
513 456 600 496 Del.
634 457 724 497 118.
758 455 944 510 Πήλιον,
973 453 1006 497 ὦ
1040 457 1230 511 (Βιλύρης
1261 459 1492 513 ιὐμφήϊον,
1524 460 1630 501 cimai
1660 462 1712 502 σύ

171 534 327 579 μεῖνον.
358 529 450 569 Scio
479 527 638 568 aliunde
660 528 895 581 locupletari
927 533 1044 581 atque
1080 531 1265 571 illustrari
1301 531 1405 571 lianc
1435 534 1713 583 quaestionem

169 611 315 651 posse,
350 604 390 639 et
422 612 473 639 ex
503 601 815 653 antiquioribus,
848 614 882 641 e.
914 613 954 654 g.
987 614 1038 641 ex
1080 602 1318 655 Tragoedia.
1377 603 1504 643 Meam
1543 606 1583 645 in
1625 617 1711 646 rem

168 671 401 724 plerumque
430 671 596 723 sufficit,
630 675 819 726 aequales
852 673 1094 713 Callimacho
1127 678 1193 713 aut
1236 686 1429 725 suppares
1475 681 1628 728 aetate,
1671 683 1711 718 et

168 755 266 784 vero
313 749 422 795 arte,
468 749 610 797 poetas
661 747 913 798 apposuisse.
1085 746 1371 794 Quaesiverat‚
1416 751 1457 786 ut
1509 749 1709 800 conficio,

167 817 346 858 Theseus
395 819 605 860 Scironem
641 831 713 871 per
751 831 870 871 rupes
919 823 958 859 ct
996 822 1123 858 antra.
1183 818 1279 858 Tum
1325 818 1491 871 fatigato
1539 825 1708 871 repente

166 890 348 942 apparuit
378 891 556 931 famosus
586 891 701 930 latro.
761 891 813 931 At
845 891 977 930 sentio
1009 902 1124 942 quam
1158 890 1236 930 hoc
1267 890 1428 930 dubium
1460 891 1531 931 sit:
1575 893 1707 931 minus

165 961 284 1002 dubia
317 964 452 1015 priora
483 963 532 1003 de
550 963 705 1016 Fragm.
730 963 996 1003 CCCXLVlll.
1031 967 1069 1003 et
1100 962 1440 1004 CCCCXXXVIII.
1471 963 1551 1003 Sed
1572 965 1706 1003 omni-

163 1045 217 1074 no
258 1034 352 1075 illud
396 1040 509 1075 recte
548 1039 679 1075 statuo
710 1036 751 1075 in
783 1036 1034 1086 universum,
1076 1035 1272 1075 Theseum
1301 1047 1384 1075 non
1415 1035 1702 1088 inopinantem,

164 1106 255 1147 dum
286 1107 362 1147 iter
391 1107 571 1155 faceret,
602 1106 794 1147 incidisse
833 1106 874 1145 in
924 1106 1126 1158 latrones,
1174 1108 1308 1147 seras:
1367 1108 1586 1160 quaerebat
1631 1121 1704 1148 eos

161 1190 235 1230 per
266 1180 525 1219 occasionem
557 1179 727 1229 itineris⁷
760 1182 800 1218 ut
821 1178 1073 1230 exstirparet.
1130 1180 1178 1220 Ut
1193 1179 1458 1219 Callimachus
1487 1178 1701 1231 μαστύος-

161 1246 334 1303 damin,
366 1252 420 1291 ita
441 1252 606 1292 Nomius
626 1251 654 1291 1.
675 1248 741 1290 45.
771 1251 979 1290 coniunxit
999 1252 1216 1303 μαστῆρος
1247 1248 1701 1305 α’λημόιός-Κοῖδμου.

162 1321 212 1362 cf.
242 1323 338 1363 ibid.
370 1323 466 1364 365.
502 1320 683 1376 α’λητύος
709 1322 895 1362 Manetho
928 1321 989 1362 111.
1022 1322 1116 1362 379.
1161 1328 1326 1375 usurpat
1375 1324 1462 1363 sive
1505 1335 1527 1363 a
1577 1324 1701 1364 Calli-

158 1393 303 1434 macho
334 1399 540 1446 acceptum
571 1394 656 1434 sive
690 1408 711 1434 a
740 1407 784 1434 se
814 1407 926 1434 suum
956 1395 994 1434 in
1026 1407 1139 1436 usum
1169 1394 1328 1435 sactum.
1388 1395 1550 1436 Scilicet
1580 1396 1700 1435 effin-

155 1466 282 1519 gendi
314 1467 406 1506 talia
440 1466 661 1506 libertatem
696 1468 813 1506 etiam
848 1467 1144 1508 recentioribus
1187 1467 1311 1507 fuisse
1349 1472 1500 1520 putem:
1552 1472 1594 1508 ut
1622 1482 1696 1507 πο·

155 1535 294 1590 θητύν
323 1550 375 1578 ex
401 1550 481 1578 uno
507 1538 845 1592 Cynegeticorum
876 1541 1074 1590 scriptore
1095 1538 1143 1578 11.
1168 1538 1262 1580 609.
1295 1544 1524 1580 annotatum
1550 1539 1695 1580 habeo.

155 1608 357 1650 Delectari
375 1615 554 1651 nostrum
575 1611 715 1651 formis
738 1612 883 1652 ionicIS
908 1613 946 1651 in
975 1610 1046 1659 τύς
1079 1610 1265 1664 (manig,
1295 1609 1522 1664 ἆρπακτύς,
1554 1612 1696 1653 dona-

155 1678 280 1733 on'c,
314 1680 535 1734 γελασῑύς,
567 1683 765 1735 διωκτύς,
795 1681 984 1734 μαστὺς,
1017 1688 1058 1723 et
1087 1684 1261 1722 sortasse
1290 1682 1535 1738 α’φραστύς,
1567 1689 1606 1725 et
1634 1687 1695 1726 si-

155 1752 257 1793 milis
288 1754 416 1806 magis
446 1766 562 1806 quam
594 1766 691 1795 vere
723 1761 920 1808 cognata,
950 1755 1022 1794 sed
1052 1767 1132 1795 non
1163 1760 1370 1807 suspecta,
1408 1760 1450 1795 ut
1478 1757 1692 1798 Siebelisio

153 1825 195 1864 in
226 1824 316 1865 Istri
356 1826 512 1879 Fragm.
556 1828 791 1879 videbatur,
831 1828 959 1868 forma
1006 1826 1190 1880 τριττὺς,
1229 1829 1383 1868 θυσίαι
1432 1827 1582 1872 Gallim.
1628 1827 1692 1871 Fr.

155 1897 373 1946 ccccm.)
416 1899 605 1939 monitum
633 1900 727 1952 Cap.
761 1900 826 1940 111.
855 1913 892 1953 p.
921 1901 988 1941 89.
1022 1911 1082 1952 sq.
1140 1899 1288 1940 Eorum
1317 1900 1519 1940 nominum
1563 1912 1696 1953 quan-

154 1969 307 2009 titatem
336 1973 379 2009 ut
406 1971 595 2023 attingam
627 1972 779 2023 obiter,
811 1972 1001 2012 admonet
1024 1972 1128 2011 facta
1160 1983 1212 2012 ex
1233 1971 1311 2011 hoc
1337 1971 1567 2012 Callimachi
1598 1973 1691 2013 loco

154 2040 368 2094 ingeniosa
398 2042 536 2095 Toupii
568 2046 801 2085 coniectura
834 2045 873 2084 in
894 2045 1013 2098 Soph.
1045 2045 1210 2086 Philoct.
1245 2041 1311 2083 43.
1343 2042 1432 2083 ἀλλ’
1465 2043 1556 2097 ἢ’πι’
1580 2056 1694 2101 φορ-

152 2112 231 2165 βῆς
261 2112 427 2164 μαστύν
474 2112 734 2169 ἐξελήλυθεν.
802 2117 876 2157 Ubi
918 2119 1169 2158 Hermannus
1218 2127 1301 2156 non
1341 2117 1600 2158 abhorruisse
1642 2118 1692 2159 ab

154 2184 270 2225 huius
300 2186 454 2227 formae
483 2200 558 2228 usu
587 2189 746 2229 Atticos
778 2194 869 2242 apto
901 2190 1084 2242 exemplo
1121 2190 1354 2240 Platonico,
1387 2189 1693 2244 σωφροιίστύς,

156 2258 344 2299 ostendit.
402 2261 455 2299 At
485 2261 688 2312 sapienter
717 2261 821 2301 idem
858 2263 907 2302 de
939 2274 989 2302 eo
1023 2262 1308 2302 dubitationem
1348 2272 1440 2301 esse
1478 2262 1691 2314 significat,

156 2340 208 2368 an
238 2341 319 2369 non
351 2336 463 2372 recte
493 2330 659 2383 μαστόν
690 2335 882 2387 corripiat
909 2335 1097 2375 ultimam.
1156 2334 1319 2376 Scilicet
1363 2338 1556 2386 quotquot
1602 2339 1693 2385 post

155 2401 345 2442 Brunckii
388 2403 517 2445 saetas
563 2418 646 2446 non
695 2419 776 2447 uno
817 2408 910 2447 loco
959 2407 1289 2457 observationes,
1330 2410 1369 2446 et
1399 2407 1572 2446 maxime
1602 2411 1692 2458 post

157 2473 436 2526 diligentiores
464 2477 679 2530 Spitzneri‚
706 2480 930 2520 Werniokii
963 2479 1252 2531 disputationes
1292 2478 1461 2527 (Graefii
1509 2490 1691 2518 comme—-

156 2551 311 2586 morata
345 2549 394 2587 ab
427 2549 613 2590 Iacobsio
643 2553 683 2591 in
711 2552 832 2592 Anth.
863 2552 939 2591 Pal.
972 2553 1060 2592 Not.
1093 2563 1149 2591 cr.
1183 2564 1221 2603 p.
1256 2551 1350 2591 699.
1391 2562 1472 2590 non
1512 2549 1560 2588 ad
1602 2561 1691 2588 ma-

154 2630 247 2658 num
279 2624 389 2671 est),
426 2625 535 2661 certa
569 2628 748 2674 prostant
779 2624 1047 2676 correptionis
1076 2623 1191 2663 huius
1224 2635 1275 2661 cx
1304 2623 1434 2673 poetis
1463 2620 1606 2660 Atticis
1651 2626 1691 2660 et

155 2692 453 2733 recentioribus
484 2694 719 2745 quibusdam
751 2697 960 2747 exempta,
1010 2700 1049 2735 et
1080 2707 1181 2747 quae
1215 2694 1276 2733 liis
1321 2693 1447 2733 addas
1493 2691 1688 2744 exempla,

155 2762 242 2803 sere
269 2765 401 2805 omnia
428 2765 468 2804 in
500 2766 728 2807 nominibus
761 2768 958 2807 eiusmodi
994 2771 1227 2815 versantur,
1263 2777 1367 2816 quae
1398 2777 1486 2804 cum
1513 2765 1690 2804 nomini-

157 2832 232 2874 bus
261 2835 406 2878 ionIcis
437 2836 477 2878 in
513 2837 586 2886 τύς
632 2850 714 2879 non
759 2839 808 2880 ab
857 2839 964 2879 omni
1004 2843 1117 2891 parte
1153 2841 1264 2877 rcctc
1293 2847 1516 2889 compares.
1578 2837 1618 2878 Si
1650 2837 1690 2876 in
