1856 3126
750 106 1025 145 -65-

121 225 300 273 alterum,
330 223 368 261 in
389 232 467 272 quo
497 232 625 272 aeque
655 226 806 273 aperta,
838 223 900 262 vel
924 224 1067 276 magis,
1099 223 1265 263 imitatio
1285 221 1536 262 Callimachi:
1569 222 1654 263 XX.

127 297 214 336 142.
248 292 321 334 καί
345 292 397 335 τά
430 293 507 344 μὲν
538 289 594 340 ὥς
626 289 781 346 ἤμελλε
813 293 918 344 μετὰ
951 294 1104 348 χρόνον
1134 295 1216 346 ὀψὲ
1246 299 1456 335 τελέσω-ειν
1488 293 1655 348 Βάκχος

122 363 240 415 ἅναξ,
299 371 338 406 et
370 378 393 406 a
426 366 646 418 longinquo
676 365 844 405 Similia:
891 366 954 405 lV.
984 366 1081 405 421.
1121 365 1229 406 ἀλλὰ
1259 364 1309 406 τά
1350 367 1427 417 μὲν
1459 367 1655 418 πέπρωτο

120 436 230 489 μετὰ
256 436 422 491 χρόνον.
482 436 584 476 XIII.
617 433 712 476 493.
747 435 852 475 ἀλλὰ
882 433 934 474 τά
974 437 1050 485 μὲν
1082 437 1347 490 προτέροισιν
1376 438 1419 476 ἐν
1449 434 1657 488 α’νὸράσιν

121 502 273 560 ἤγαγεν
300 503 415 546 αἰών.
473 506 649 546 XXXIV.
673 507 764 546 193.
797 507 868 545 καί
894 503 945 545 w·
977 508 1056 556 μὲν
1085 507 1130 547 ἐν
1161 508 1442 557 προτέροισιν.
1502 508 1656 560 Evang.

123 579 260 618 loann.
291 577 393 617 XVI.
422 577 460 618 3.
494 579 568 617 καί
595 574 644 617 τά
669 578 747 628 μὲν
773 602 830 608 -—-
860 603 914 608 ——
948 579 1201 618 τελέσουσιν.
1261 577 1411 618 Similia
1446 579 1519 617 iam
1554 577 1657 630 apud

123 651 360 699 Homerum,
387 653 429 688 ut
458 648 570 689 Iliad.
604 649 688 689 XII.
718 646 784 689 34.
816 646 872 696 (ὃς
911 645 980 702 ἄρ’
1008 647 1182 699 ἔμελλον
1212 643 1362 689 ὄπισθε
1405 648 1660 689 Ποσειδάων

123 723 196 762 καί
224 719 435 762 Ἀπόλλων
464 722 710 774 θησέμεναι.
770 721 973 773 Apollonii
1006 721 1107 760 haec
1151 721 1367 760 observavi
1408 720 1457 759 ad
1501 733 1658 759 versum

124 790 355 831 Callimachi
383 792 522 843 partim
562 793 667 832 idem
708 797 878 832 sonante
921 804 1062 831 versus
1102 792 1238 841 initio,
1274 793 1415 843 partim
1459 794 1658 831 sententia

124 864 383 904 accedentia:
426 864 472 903 ll.
503 865 597 904 5⁵28.
629 865 698 904 καί
726 863 779 904 τά
807 866 886 915 μὲν
915 861 971 911 (ὃς
1003 861 1215 905 ὑδέονται.
1275 864 1337 903 lV.
1370 864 1465 904 618.
1507 866 1580 903 καί
1606 863 1657 903 τὰ

122 936 200 983 μὲν
224 929 281 980 ὥς
309 935 479 974 κείνοισι
506 935 595 986 μετ’
621 933 802 987 α’νδράσι
834 934 1084 989 κεκλήϊσται.
1143 935 1206 975 IV.
1233 936 1350 976 1216.
1384 932 1491 976 ἀλλὰ
1513 934 1662 986 τὰμὲν

123 1007 363 1057 στείχοντος
392 1002 496 1060 ἅδην
530 1007 681 1054 αἰῶνος
708 1007 881 1062 ἐτύχθη.
931 1008 1004 1056 lv,
1039 1008 1156 1048 1764.
1201 1006 1308 1048 ἀλλὰ
1351 1006 1400 1048 τά
1431 1010 1509 1059 μὲν
1536 1009 1660 1060 μέτο-

125 1092 196 1117 πιν
225 1078 355 1130 γένετ’
384 1077 629 1134 Εὐφήμοιο.

239 1220 400 1260 Praeter
430 1222 531 1262 haec
562 1222 722 1273 nullum,
753 1224 858 1275 quod
892 1223 1018 1276 Capiti
1047 1223 1088 1264 ll.
1116 1224 1352 1274 attribuam,
1396 1223 1662 1276 fragmentum

126 1297 288 1344 praesto
325 1298 399 1333 est.
457 1295 542 1334 Nisi
572 1296 622 1334 de
663 1300 776 1334 tauro
810 1308 881 1347 per
909 1297 1111 1346 Atticam,
1154 1301 1220 1336 aut
1254 1301 1346 1335 ante
1385 1309 1458 1347 per
1493 1296 1664 1344 Cretam,

126 1369 338 1417 grassante
372 1365 558 1418 accipere
586 1367 745 1418 placeat
765 1367 922 1420 Fragm.
943 1366 1258 1407 CCCCXXXIV.
1287 1365 1336 1407 ἵν’
1355 1366 1504 1419 ἔλλερα
1529 1366 1661 1406 πολλὰ

126 1437 329 1476 τέλεσκεν.
390 1436 506 1484 Quod
535 1449 611 1478 nos
642 1438 692 1478 ad
725 1439 850 1491 Caput
881 1439 943 1478 Vl.
975 1439 1208 1479 differimus.

239 1509 424 1548 Ceterum
462 1514 504 1549 ut
539 1522 628 1550 mea
668 1511 756 1562 ipse
795 1511 863 1550 vix
902 1515 995 1550 ante
1034 1511 1182 1562 scripta
1225 1511 1408 1560 elevem,
1450 1513 1661 1561 antequam

127 1579 226 1619 alius
256 1580 294 1618 id
325 1580 462 1620 facere
494 1581 781 1634 aggrediatur,
821 1593 983 1620 versum
1025 1583 1197 1621 maxime
1239 1581 1375 1630 illum,
1423 1581 1496 1620 καί
1526 1580 1663 1633 νήσων

125 1652 308 1692 ἐπέτεινε
336 1649 474 1704 βαρὺν
507 1652 631 1705 ζυγόν
661 1652 812 1704 αὐχένι
845 1653 1022 1705 ΙΙΙίνως,
1055 1653 1120 1693 alii
1156 1653 1313 1693 cuidam
1342 1653 1562 1692 narrationi
1594 1653 1660 1692 lo·-

127 1734 256 1774 coquc
294 1724 421 1776 aptari
458 1735 580 1776 posse
624 1724 828 1764 fatendum
870 1729 942 1764 est.
1017 1725 1115 1764 Eum
1163 1725 1270 1776 quod
1314 1725 1530 1777 aliquando
1573 1738 1662 1765 cum

126 1806 266 1835 versu:
300 1793 466 1837 ,Σκύλλα
497 1795 600 1848 γυνὴ
636 1798 856 1837 κατακᾶσα
897 1800 970 1836 καί
1011 1795 1062 1834 ου’
1104 1808 1151 1848 ψ,
1186 1791 1250 1836 οὔ.
1285 1793 1315 1836 ἔ.
1358 1802 1398 1836 et
1439 1810 1526 1836 cum
1559 1798 1662 1837 isto:

125 1867 370 1921 πορφυρέην
410 1861 545 1921 ἤμησε
593 1868 742 1922 upana,
784 1869 1068 1919 coniunctum,
1115 1869 1306 1909 subiectis
1351 1871 1423 1919 iiS,
1469 1882 1571 1921 quae
1609 1882 1661 1911 ex

124 1939 252 1979 Aetiis
289 1940 329 1978 in
368 1939 521 1979 Callim.
561 1939 718 1992 Fragm.
757 1939 801 1979 V.
844 1945 1087 1992 narrantur,
1136 1941 1176 1979 in
1219 1941 1349 1980 Aetiis
1395 1941 1661 1992 collocabam,

125 2023 239 2069 quam
273 2011 312 2050 in
354 2024 437 2052 rem
473 2011 684 2063 Ovidium,
724 2016 985 2065 sequentem,
1013 2017 1053 2052 ut
1083 2017 1162 2052 tum
1200 2014 1433 2064 videbatur,
1472 2013 1662 2053 Callima-

126 2083 253 2123 cheae
289 2084 531 2123 narrationis
572 2085 765 2136 vestigia,
806 2084 966 2123 Metam²
995 2084 1094 2124 V111.
1127 2084 1308 2125 6-262.
1354 2085 1661 2137 comparabam:

125 2154 165 2194 id
196 2168 301 2195 nunc
331 2157 441 2195 mitto
473 2160 672 2208 tamquam
702 2167 840 2208 parum
871 2156 1093 2208 probabile.
1154 2158 1343 2210 Apparet,
1368 2170 1486 2210 quum
1517 2170 1662 2198 aman-

128 2229 300 2267 tissimus
329 2227 551 2268 fabularum
590 2229 839 2280 antiquarum
881 2228 1027 2279 suerit,
1070 2233 1109 2268 et
1152 2234 1286 2269 tamen
1325 2241 1407 2268 non
1451 2231 1662 2281 scripserit

125 2300 246 2351 longa
275 2301 474 2350 carmina,
503 2311 597 2339 raro
633 2311 827 2352 magnas,
859 2299 896 2339 h.
932 2311 970 2338 e.
1000 2312 1147 2353 magno
1182 2301 1331 2340 ambitu
1365 2306 1404 2340 et
1435 2300 1549 2341 vario
1591 2312 1661 2339 ar·-

125 2376 314 2424 gumento
347 2370 517 2421 fabulas,
552 2371 776 2410 cuiusmodi
807 2375 867 2410 est
897 2371 1030 2411 fabula
1063 2372 1233 2423 Minois,
1262 2384 1343 2412 uno
1375 2370 1659 2411 Callimachum

127 2445 216 2482 loeo
247 2443 499 2494 pei-texuisse
530 2447 647 2494 atque
681 2442 920 2482 absolvisse.
990 2444 1223 2495 Plerumque
1255 2449 1390 2496 partes
1422 2442 1658 2492 fabularum,

127 2527 198 2566 per
230 2527 273 2554 se
305 2518 538 2554 constantes
570 2514 701 2565 aliquo
734 2514 869 2565 modo,
901 2526 999 2566 quas
1032 2515 1179 2554 deinde
1210 2516 1314 2555 inter
1346 2527 1389 2554 se
1424 2518 1587 2554 nectere
1618 2515 1658 2553 in

125 2599 242 2626 unum
280 2586 451 2638 diligens
479 2585 619 2633 lector,
652 2586 949 2637 cogitandoque
977 2586 1154 2636 efficere,
1185 2586 1279 2638 quid
1312 2587 1361 2625 de
1393 2590 1476 2625 toto
1501 2586 1661 2626 fabulae

127 2659 337 2710 complexu
368 2658 566 2697 sensisset
597 2656 874 2707 Callimachus,
905 2662 1086 2710 poterat,
1120 2659 1159 2696 in
1198 2657 1368 2698 diversis
1402 2659 1660 2709 carminibus,

127 2730 190 2768 vel
237 2731 275 2769 in
315 2729 486 2768 (liversis
525 2727 624 2766 locis
668 2727 846 2766 ciusdem
889 2729 1023 2780 operis
1060 2728 1304 2768 ferebantur.
1378 2729 1448 2768 Vel
1492 2731 1660 2770 eandem

128 2802 327 2851 fabulam,
380 2805 582 2853 partemve
627 2799 810 2849 fabulae,
851 2811 929 2838 uno
977 2799 1069 2838 loco
1113 2799 1203 2839 data
1251 2811 1372 2852 opera
1424 2801 1661 2854 explicatius

222 2883 347 2915 Naehit
376 2884 496 2927 Opusc.
522 2882 565 2914 ΙΙ,
1373 2873 1396 2912 5
