1856 3126
755 141 1058 180 —251-

141 257 311 310 quadam
340 258 496 298 ratione
524 257 753 307 (meliorem
775 259 978 299 Bentleius
1008 258 1058 299 ad
1093 257 1243 298 Gallim.
1272 258 1309 298 h,
1331 258 1420 298 Cer.
1446 257 1513 299 48.
1547 257 1671 298 ilem-

139 329 362 370 sterhusius
391 328 439 369 ad
473 329 647 381 Hesych.
681 344 718 369 v.
749 329 1024 382 Ἀηόθεστος)
1066 344 1089 371 a
1119 332 1246 371 verbo
1280 333 1432 370 ’ποθέω
1474 331 1673 379 derivant,

139 402 391 453 grammatici
426 401 694 452 Homeristae,
726 403 1013 456 Etymologus‚
1043 404 1279 456 exquisitius
1307 415 1399 443 esse
1434 402 1674 443 ἀπόθεστον

142 485 259 525 quam
289 470 505 526 α’πόθητον
543 478 782 522 senserunt,
815 475 934 526 idque
965 474 1165 525 indicant,
1195 487 1312 527 quum
1344 472 1580 514 α’πόθεστοιι
1610 473 1677 513 in-

142 548 411 596 terpretantur
453 543 560 585 hunc
606 546 644 585 in
689 546 871 586 modum:
913 543 1170 591 ἀπόθεστος·
1211 545 1439 600 α’πόθητος.
1510 545 1675 584 ἀπόθε-

142 630 264 662 στος·
318 614 644 668 ιίιιεπιμέλητος,
706 616 989 669 ἀτημέλητος,
1053 614 1279 668 ἀπόθητος.
1364 616 1443 657 Sed
1495 616 1677 668 inprimis

143 686 405 727 memorabile
441 687 626 728 scholion
659 688 709 728 ad
744 687 920 740 Lycoph.
953 685 1046 727 540.
1082 686 1118 726 οὶ
1151 686 1267 727 ὸέιιιὰ
1308 685 1554 728 κᾶπόθεστιι
1583 687 1679 727 πεί-

143 757 303 799 σεσθαί
337 774 434 798 ποτε
520 762 759 809 μέλλοντες,
799 759 1044 798 Bachmanni
1086 763 1171 798 est:
1218 757 1366 804 οἵτινες
1408 757 1573 809 χαλεπά
1611 760 1683 800 καί

144 825 251 882 ὅπερ
284 829 425 877 ου’ὸέῐς
454 825 506 870 ἂν
537 829 751 882 ποθήσειε,
785 831 1017 882 πεισθῆναί
1043 844 1156 869 ποτε.
1189 829 1280 869 vide
1309 841 1424 880 quam
1455 830 1584 869 simile
1606 829 1682 869 illis

144 901 316 953 suffiae,
354 899 403 954 ἣν
435 901 576 945 οὐδείς
607 904 741 941 ποθεῖ.
811 902 869 942 De
901 903 1134 954 Apollinare
1165 901 1306 944 Psalm.
1333 901 1427 941 CIV.
1457 901 1527 940 καί
1552 902 1683 953 βροῦ-

145 988 219 1027 χος
248 972 519 1013 umas-9201
537 988 585 1019 ος
613 969 911 1026 ἀμετρήτοισιν
934 976 1112 1026 ἑρωαῖς,
1146 974 1242 1014 nihil
1266 974 1512 1026 exploratum
1534 973 1682 1013 habeo.

147 1045 313 1085 verbum
341 1049 402 1084 est
434 1044 539 1084 idem
571 1043 678 1095 quod
709 1044 810 1095 apud
844 1044 1126 1084 Callimachum
1156 1045 1194 1084 h.
1220 1045 1309 1085 Cer.
1339 1043 1407 1085 48.
1441 1045 1585 1083 τέκνον
1610 1058 1684 1082 ηο-

147 1115 327 1158 λύθεστε
356 1117 538 1157 τοκεῦσιε
567 1116 820 1168 significatio,
854 1122 891 1156 ut
922 1123 1099 1169 apparet,
1129 1118 1218 1158 alia.
1306 1117 1429 1170 Igitur
1460 1116 1538 1155 ‹luo
1569 1115 1686 1165 haec,

151 1188 279 1229 CCCI.
314 1193 355 1228 et
385 1187 526 1228 CCCll.
566 1188 739 1228 sortasse
771 1200 822 1228 ex
853 1190 1039 1241 precibus
1078 1194 1169 1229 sunt
1199 1189 1371 1228 Hecales
1407 1199 1479 1240 pro
1510 1187 1684 1226 Theseo.

149 1260 285 1300 Possis
314 1260 433 1299 etiam
465 1258 542 1299 huc
565 1260 772 1300 retrahere
803 1260 910 1311 illud,
946 1260 995 1300 dc
1023 1272 1101 1313 quo
1125 1265 1217 1300 ante
1240 1261 1387 1300 dictum
1408 1263 1483 1310 est,
1516 1258 1683 1298 CXLIV.

148 1332 331 1383 Denique
364 1332 636 1383 quaerebam,
678 1345 727 1371 an
769 1333 818 1372 ad
859 1333 1020 1386 vigilias
1052 1333 1227 1386 agitatae
1260 1331 1482 1371 terroribus
1511 1330 1684 1370 Hecales

149 1408 380 1456 spectaret,
421 1403 527 1456 quod
558 1404 701 1444 Suidas
739 1406 843 1444 binis
876 1405 1006 1452 locis,
1051 1417 1087 1444 v.
1118 1401 1305 1457 Ἀηὸών,
1337 1408 1377 1443 et
1409 1401 1514 1444 Οὐδ’
1547 1398 1685 1453 ὅσσον,

150 1479 212 1523 (et
250 1475 471 1516 Favorinus
513 1475 553 1514 in
591 1473 804 1528 Ἀηὸόιιων
844 1474 1147 1528 ἐργαστήριον,
1191 1475 1333 1527 partim
1375 1487 1427 1514 ex
1465 1473 1685 1526 Hesychio,

150 1547 294 1600 partim
324 1560 375 1587 ex
394 1547 554 1598 Suida,)
584 1547 838 1599 proverbium
865 1559 958 1586 esse
991 1545 1062 1586 ε’πί
1092 1547 1174 1586 τῶν
1205 1545 1534 1599 α’γρυηνούντων
1568 1546 1685 1586 dicit:

718 1618 808 1658 οὐδ’
841 1615 966 1659 ὅσσον
999 1615 1176 1670 ἀηδόνες
1209 1615 1464 1658 ὑπνώουσιν.

152 1691 202 1731 Ut
239 1691 274 1731 si
316 1690 455 1730 suerit:
501 1686 737 1729 ὑπνώσσειν
779 1692 852 1740 [δ’]
900 1690 991 1729 οὐδ’
1045 1684 1172 1730 ὅσσον
1215 1687 1388 1742 αήὁόιιες
1436 1685 1690 1729 ὕπναᾶουσιν.

152 1760 318 1804 Nomius
352 1763 394 1801 V.
414 1763 508 1802 411.
540 1755 727 1811 ὄμμασιν
757 1759 1018 1812 ἁρπάξαντες
1048 1761 1321 1815 αἠὃονιόυ
1351 1758 1503 1811 πτερὸν
1533 1756 1689 1800 ὕπνου.

152 1837 220 1877 ubi
251 1836 303 1875 cf.
339 1836 518 1876 Graetius
551 1834 636 1874 Vol.
667 1834 711 1873 ll.
747 1834 875 1874 Praef.
910 1847 945 1886 p.
972 1834 1037 1874 Xl.
1153 1832 1201 1872 Et
1232 1834 1280 1873 ad
1310 1833 1457 1872 luctum
1491 1833 1690 1884 anticipa-

154 1914 233 1949 tum
265 1907 434 1947 Hecales
465 1907 559 1946 illud
593 1905 698 1958 quod
744 1918 766 1945 a
796 1906 1034 1946 Ruhnkenio
1069 1910 1275 1957 acceptum
1311 1917 1363 1944 ex
1396 1904 1559 1944 Orionis
1589 1905 1692 1957 Ety-

154 1980 358 2032 mologico
390 1986 449 2030 (p.
484 1978 576 2017 113.
611 1980 674 2017 ed.
709 1979 835 2017 Sturz.
874 1990 1044 2029 quocum
1076 1977 1125 2017 cf.
1156 1977 1253 2016 Cod.
1286 1978 1384 2030 Reg.
1413 1977 1535 2016 Paris.
1566 1976 1688 2017 2630.

156 2053 196 2092 in
226 2050 409 2104 Append.
441 2049 604 2089 Orionis
636 2050 698 2089 ed.
731 2050 858 2089 Sturz.
893 2054 932 2089 et
963 2049 1132 2102 Etymol.
1167 2049 1266 2089 Gud.
1298 2061 1338 2100 p.
1359 2047 1563 2098 426‚19.)
1594 2059 1691 2100 pro..

155 2123 242 2164 tulit
272 2123 481 2163 Ernestius
513 2121 564 2161 ad
594 2122 745 2162 Callim.
780 2121 817 2162 h.
849 2122 964 2162 Dian.
996 2122 1063 2161 77.
1096 2122 1362 2174 fragmentum
1393 2119 1648 2160 Callimachi:

1062 2191 1259 2243 ω’λόψατο
1287 2194 1456 2243 χαίτας.

157 2267 242 2308 Nisi
274 2265 368 2317 hoc,
399 2278 501 2318 quae
533 2266 765 2306 coniectura
798 2265 869 2305 fuit
898 2264 1087 2314 Ernestii‚
1121 2265 1172 2304 ad
1201 2266 1453 2316 Antipatrum
1483 2262 1692 2303 Sidonium

158 2339 296 2380 XCIX.
327 2339 364 2378 5.
401 2338 543 2387 (Anth.
572 2338 653 2377 Pal.
687 2337 713 2377 l.
744 2350 782 2389 p.
804 2337 923 2387 377.)
957 2331 1033 2376 ἐὰν
1065 2334 1272 2386 ω’λόψατα
1302 2336 1471 2388 χαίταν,
1504 2334 1693 2373 reseren-

160 2412 251 2452 dum
283 2411 345 2453 sit.
407 2410 652 2461 Quamquam
686 2409 779 2461 quid
809 2409 988 2461 impedit,
1011 2410 1224 2461 quominus
1254 2420 1327 2460 pro
1360 2407 1585 2459 fragmento
1617 2405 1695 2445 ha-

159 2483 302 2523 beatur
342 2482 605 2522 Callimachi?
643 2481 778 2532 quidni
818 2481 924 2521 enim
955 2480 1061 2530 duo,
1092 2479 1357 2520 Callimachus
1399 2478 1695 2529 efAntipater„

160 2555 266 2595 idem
299 2554 503 2594 dixerint?
562 2553 677 2601 Quod
711 2552 875 2592 alterum
906 2554 942 2592 in
978 2557 1148 2592 mentem
1182 2553 1289 2590 venit
1320 2551 1531 2599 Ernestio‚
1558 2549 1693 2601 respi-

162 2639 257 2667 cere
298 2626 487 2666 Orionem
533 2631 571 2665 et
611 2626 842 2665 memoriter
878 2625 1043 2664 laudare
1086 2623 1318 2664 Callimachi
1363 2635 1414 2660 ex
1458 2621 1604 2674 hymno
1651 2622 1691 2661 in

162 2700 328 2739 Dianam
372 2698 503 2737 locun]
523 2729 532 2747 ‚
581 2697 752 2749 στήθεος
801 2698 844 2736 ἐκ
890 2695 1074 2748 μεγάλου
1126 2697 1273 2746 λασίης
1317 2694 1499 2746 ἐδράξαο
1543 2693 1694 2745 χαίτης

163 2766 335 2821 ὤλοψας
370 2769 414 2808 δὲ
443 2770 589 2823 βίῃφι,
623 2768 659 2806 id
693 2768 787 2807 mihi
818 2767 975 2819 quidem
1007 2769 1135 2806 minus
1157 2765 1378 2818 probabile.
1440 2761 1596 2814 ὄλόψαι
1629 2763 1694 2802 di-

168 2846 310 2882 xerunt
339 2842 457 2881 etiam
489 2840 691 2881 Nicander
728 2840 842 2882 Ther.
875 2839 969 2879 550.
1002 2838 1095 2879 595.
1164 2840 1329 2879 Nonnus
1369 2836 1470 2876 locis
1502 2847 1523 2874 a
1554 2834 1695 2875 Ruhn-
