1820 3141
854 165 1129 201 -22-

232 282 498 323 Minotaurum
533 279 749 333 significari
779 283 956 332 apertum
988 285 1073 331 est,
1103 280 1273 320 alienum
1306 285 1368 320 est
1394 280 1443 320 ab
1469 279 1634 320 historia
1665 280 1746 320 He-

230 354 354 394 cales.

332 423 540 463 Petronius
567 434 655 475 cap.
679 421 768 462 135.
799 422 838 462 in
865 422 1136 475 descriptione
1171 423 1327 463 humilis
1355 435 1489 472 casae,
1518 420 1749 474 supellecti-

227 495 276 534 lis
307 493 583 533 tenuissimae:

391 563 535 612 Qualis
566 563 609 602 in
638 562 793 602 Actaea
822 563 1021 613 quondam
1052 563 1130 614 suit
1160 563 1320 613 hospita
1354 567 1486 612 terra,

391 635 526 687 Diqna
554 635 688 675 sacris
718 634 888 684 Hecale,
918 647 1037 685 quam
1064 633 1186 673 Musa
1213 633 1463 685 loquentibus
1492 632 1623 672 avenis.

390 706 608 747 Battiadae
635 706 784 746 veteris
814 706 986 745 vit-emto
1016 707 1179 746 tradidit
1210 718 1326 746 aevo.

225 782 268 820 ut
295 778 373 819 hos
402 790 544 819 versus
573 778 753 819 scribunt
770 778 815 816 ll.
835 777 1057 829 Stephanus
1088 779 1131 818 in
1149 778 1341 818 Virtutum
1360 776 1564 817 Encomiis
1583 775 1750 826 (1573.)

227 863 266 903 p.
284 851 352 892 88.
410 850 594 902 Scaliger
624 849 815 890 Catalect.
847 849 932 889 Vct.
966 850 1005 889 P.
1038 862 1075 901 p.
1106 850 1198 889 195.
1229 854 1268 889 et
1299 847 1475 900 Castigg.
1505 859 1542 899 p.
1576 846 1666 887 188.
1697 846 1747 886 ad

226 922 501 974 Priapeiorum
530 921 662 961 locum
690 921 820 973 paullo
842 926 934 960 ante
965 921 1185 971 laudatum3
1217 920 1416 960 Bentleius
1437 920 1524 972 [qui
1542 918 1746 967 mirando)

225 995 267 1034 in
298 994 447 1034 Gallim.
478 994 634 1046 Fragm.
665 993 748 1032 XL.
807 993 854 1032 Et
889 997 980 1032 ante
1009 992 1097 1043 hos,
1128 997 1171 1033 ut
1199 993 1298 1032 alios
1329 998 1497 1043 taceam,
1520 992 1628 1043 Bapt.
1657 990 1747 1030 Pius

226 1065 278 1106 ad
307 1065 507 1115 Plautum,
540 1065 618 1104 nisi
658 1064 765 1115 quod
806 1064 898 1103 huie
936 1063 1150 1103 Battiadae
1188 1065 1295 1104 vatis
1335 1065 1496 1116 placuit.
1565 1062 1616 1102 Et
1657 1061 1748 1102 illac

225 1137 386 1189 quidem
419 1139 583 1176 omnino
614 1139 749 1175 certae
780 1133 1083 1174 emendationes
1117 1139 1220 1184 sunt,
1248 1134 1421 1185 Hecale,
1451 1139 1491 1174 et
1520 1133 1747 1173 Battiadae.

225 1208 400 1247 vivendo
429 1208 464 1247 si
491 1219 574 1246 non
607 1206 806 1258 ineptum,
848 1210 911 1245 est
954 1209 1087 1246 tamen
1118 1206 1353 1247 dubitationi
1391 1206 1619 1246 obnoxium.
1675 1205 1750 1244 Pro

226 1291 306 1332 quo
338 1291 420 1319 non
451 1279 634 1331 displicet
658 1290 784 1330 nuper
813 1279 852 1318 in
867 1278 1113 1332 Anthologia
1133 1280 1270 1320 Latina
1289 1280 1317 1319 Ι.
1343 1279 1432 1319 161.
1453 1279 1501 1318 ab
1522 1278 1569 1318 H.
1587 1277 1750 1329 Meyero

226 1351 374 1390 editum
406 1349 647 1398 mir-amiam,
678 1350 906 1390 emendatio
939 1351 1147 1402 Gronovii,
1175 1352 1247 1391 sed
1282 1353 1386 1391 sacta
1414 1351 1493 1390 iam
1522 1355 1615 1391 ante
1645 1349 1752 1390 Gro-

225 1423 415 1473 novium,
445 1422 523 1462 nisi
553 1421 683 1462 fallor.
741 1422 790 1461 Et
821 1421 953 1474 placet
980 1423 1133 1471 veteri,
1166 1424 1273 1475 quod
1314 1424 1432 1463 etiam
1465 1427 1527 1462 est
1556 1422 1596 1462 in
1623 1433 1750 1474 marg.

225 1494 384 1547 Fragm.
415 1494 527 1533 Poet.
557 1493 603 1536 V.
636 1493 678 1533 L.
709 1494 798 1535 HSt.
831 1506 868 1546 p.
899 1491 993 1534 404.
1026 1499 1066 1534 et
1097 1495 1204 1535 alibi.
1331 1495 1465 1547 Auget
1505 1498 1636 1534 autem
1665 1505 1751 1533 rem

227 1566 451 1617 Petronius,
483 1577 602 1618 quum
633 1565 792 1605 scribit:
825 1565 959 1617 Diqna
990 1566 1124 1606 sacris
1154 1565 1316 1606 Hecale.
1361 1565 1469 1618 quod
1498 1577 1580 1605 non
1608 1566 1751 1605 mirum

226 1639 269 1677 in
299 1642 430 1689 poeta.
503 1637 562 1676 Re
603 1649 701 1677 vera
744 1648 826 1676 non
871 1637 1044 1677 llccalae
1084 1638 1349 1678 sacrificatum
1391 1650 1510 1689 csse,
1553 1637 1627 1678 sed
1665 1636 1750 1678 lovi

221 1708 456 1764 ζΕκαλείιιο,
487 1709 678 1748 monitum
714 1713 803 1759 est,
833 1709 900 1748 ubi
931 1709 980 1749 ‹le
1008 1709 1270 1762 Etymologis.

342 1779 510 1820 Ovidius
541 1780 704 1820 Remed.
736 1793 810 1821 am.
845 1794 881 1821 v.
912 1781 1006 1822 747.

340 1852 423 1892 Cur
450 1863 564 1891 nemo
593 1856 666 1903 est,
693 1850 882 1901 Hecaten,
913 1851 1025 1891 mala
1054 1855 1114 1890 est
1142 1863 1246 1903 quae
1277 1851 1427 1903 ceperit
1455 1850 1585 1891 Iron?

394 1922 546 1974 Nempe
576 1923 683 1974 quod
711 1924 815 1963 alter
848 1936 991 1975 eqens,
1023 1924 1154 1964 altera
1178 1936 1341 1976 pauper
1372 1927 1474 1964 erat.

339 1995 558 2047 Appuleius
588 1995 746 2035 Metam.
774 1995 801 2034 Ι.
833 1996 895 2035 17.
925 1997 1099 2047 (p.119.
1117 1996 1319 2046 Elmenh.]
1351 1995 1455 2035 Nam
1489 1999 1528 2035 et
1559 1995 1751 2035 maiorem

228 2068 384 2107 domam
415 2066 641 2118 diqnatione
675 2070 746 2106 taa
772 2067 946 2119 seceris:
980 2072 1018 2106 et
1048 2068 1117 2106 tibi
1148 2067 1348 2118 specim-en
1374 2067 1594 2119 ytore'osum
1622 2079 1750 2107 arro-

226 2140 356 2193 9a1·is‚
387 2139 425 2179 si
452 2142 659 2178 contentas
688 2138 796 2178 Lare
821 2140 1012 2190 parvulo,
1049 2139 1187 2179 Thesei
1214 2140 1320 2179 iltius
1350 2139 1592 2191 coqnominis
1614 2139 1750 2191 patris

229 2212 289 2251 tui
319 2211 488 2250 virtutes
519 2209 812 2261 aemulam-is,
846 2211 914 2261 qm·
944 2223 1025 2249 non
1064 2215 1124 2250 est
1160 2216 1404 2262 aspernatas
1432 2211 1604 2251 Hecales
1647 2223 1751 2251 anas

230 2282 448 2334 hospitium
476 2286 604 2321 tenue.
663 2281 764 2322 Olim
797 2282 938 2333 fuerat,
968 2287 1060 2323 ante
1087 2282 1153 2322 Ph.
1172 2283 1408 2324 Beroaldum
1435 2288 1475 2324 et
1500 2284 1751 2335 Politianum‚

230 2357 476 2406 aspernatas
508 2353 594 2392 ates
623 2365 727 2392 anus
755 2353 793 2392 Ιι.
824 2357 849 2393 t.

344 2425 518 2465 Iulianus
549 2425 642 2477 Imp.
660 2426 786 2478 Epist.
820 2426 893 2476 (ad
919 2427 1146 2477 Iamblich.)
1178 2428 1436 2481 XL1.p.421.
1453 2429 1496 2470 B.
1517 2429 1580 2470 ed.
1597 2429 1746 2482 Spanh.

230 2498 325 2541 Καὶ
353 2493 519 2549 πρῶτόν
551 2512 618 2538 σοι
657 2500 743 2539 τῶν
773 2497 922 2551 λόγων,
955 2496 1029 2548 οὓς
1059 2503 1230 2552 βασιλεῖ’
1261 2498 1502 2541 κελεύσαντι
1542 2499 1648 2554 πρὸς
1673 2499 1750 2554 τήν

229 2566 424 2617 ἀοίδιμον
466 2569 543 2608 τοῦ
579 2571 777 2621 πορθμοῦ
824 2573 963 2620 ζεῦξιν
995 2569 1170 2624 ἔναγχος
1207 2569 1571 2625 ἐξειργασάμεθα,
1603 2569 1747 2624 ἐπειδή

230 2634 352 2676 τοῦτό
380 2635 467 2677 ἐστι
498 2639 672 2692 δοκοῦν,
703 2635 1020 2695 ἀπαρξώμεθα,
1053 2641 1184 2696 μικροὶ
1213 2645 1291 2695 μὲν
1323 2643 1421 2685 ἀντὶ
1445 2641 1638 2695 μεγάλων
1670 2642 1752 2682 ταῖν

231 2707 346 2761 παρὰ
377 2711 466 2760 σοῦ,
489 2713 561 2752 καί
588 2714 647 2767 τῷ
676 2705 762 2754 ὄντι
788 2716 927 2766 χαλκᾶ
953 2715 1127 2766 χρυσῶν
1157 2711 1447 2761 ἆντιὸίδοντες·
1496 2710 1558 2761 οἷς
1587 2713 1633 2753 δὲ
1654 2710 1752 2765 ἕχο-

231 2792 309 2828 μὲν
339 2781 484 2827 ξΗἿ’οις
522 2781 595 2821 τὸν
619 2782 780 2837 “Ερμῆν
819 2784 890 2825 τὸν
921 2785 1123 2839 ἡμέτερον
1153 2783 1384 2832 ἑστιῶντες.
1441 2780 1626 2831 Πάντως
1653 2782 1751 2823 ου’ὃὲ

236 2850 307 2900 τῆς
332 2846 510 2904 Ἕκάλης
554 2850 575 2892 ὄ
620 2853 787 2907 Θησεύς
828 2859 901 2896 τοῦ
933 2857 1103 2898 δείπνου
1134 2855 1178 2897 τὸ
1224 2854 1334 2897 λιτὸν
1373 2854 1633 2909 ἀπηξίωσεν,
1663 2855 1754 2896 ἀλλ’
