1820 3141
484 613 1161 656 PROLEGoMENA.

179 894 371 946 Quicquid
405 894 456 934 sit
496 894 534 933 in
567 894 815 946 Fragmentis
844 894 1097 944 Callimachi,
1128 891 1233 944 quod
1266 893 1371 931 omni
1408 895 1585 943 tempore

70 966 164 1005 viris
197 965 326 1004 doctis
366 964 533 1016 placuit,
574 964 719 1016 aliquid
761 966 925 1016 inesse,
958 976 1035 1017 quo
1078 965 1321 1016 placuerint,
1361 965 1584 1015 maiorique

69 1036 188 1089 digna
217 1049 311 1076 cura
339 1037 423 1076 visa
456 1039 546 1087 sint,
583 1042 622 1076 et
652 1037 826 1077 debeant
856 1038 972 1077 etiam
1003 1050 1108 1076 nunc
1139 1037 1279 1086 videri,
1306 1048 1478 1076 necesse
1510 1041 1581 1076 est.

68 1110 117 1150 Ut
144 1108 246 1149 alios
277 1114 366 1149 ante
395 1110 613 1149 Bentleium
646 1114 814 1159 taceam,
843 1115 933 1161 post
961 1122 1148 1162 magnum
1177 1109 1396 1148 Bentleium
1428 1110 1466 1147 in
1489 1108 1584 1148 Cal-—

69 1181 227 1221 limachi
247 1181 492 1234 Fragmentis
519 1183 828 1222 elaboraverunt
848 1180 1149 1232 Valckenarius,
1179 1181 1449 1231 RuhnkeniuS,
1477 1182 1588 1220 'rou-

69 1256 177 1305 pius:
218 1265 383 1307 quorum
419 1254 460 1293 hi
502 1265 602 1305 qnos
644 1258 846 1305 postremo
880 1255 971 1294 loeo
1006 1256 1229 1305 nominavi,
1260 1253 1517 1292 Ruhnkcnius
1549 1257 1588 1291 et

70 1327 266 1379 Toupius,
301 1338 388 1366 cum
428 1324 644 1376 cupiditate
686 1326 853 1377 quadam
890 1327 1061 1367 Hecales
1099 1327 1346 1379 fragmenta,
1386 1325 1447 1364 vel
1485 1336 1586 1376 quae

72 1398 123 1438 ad
154 1396 330 1437 Hecalen
358 1395 502 1436 referri
527 1408 648 1448 posse
674 1397 895 1449 fragmenta
925 1402 1074 1450 putant,
1104 1401 1342 1437 tractavere.
1401 1396 1450 1434 Et
1482 1407 1588 1434 non-

72 1469 176 1510 nulla
209 1469 339 1509 obiter
375 1468 686 1521 Valckenarius,
729 1472 840 1511 cuius
880 1472 997 1511 etiam
1038 1471 1161 1510 verba
1204 1475 1295 1510 sunt
1330 1472 1370 1509 in
1399 1468 1588 1521 Epistolis

74 1542 258 1582 Virorum
287 1541 508 1591 doctorum,
540 1541 780 1592 Ruhnkenii,
809 1542 1074 1592 Valckenarii,
1105 1543 1285 1592 aliorum,
1314 1541 1364 1581 ad
1392 1541 1449 1580 Io.
1481 1541 1584 1592 Aug.

73 1615 309 1662 Ernestium,
340 1625 361 1653 a
393 1614 613 1653 Tittmanno
647 1614 775 1665 editis,
806 1627 841 1667 p.
870 1614 937 1655 49.
970 1615 1175 1667 Cydippen
1205 1613 1340 1666 utique
1369 1613 1456 1652 sine
1486 1625 1587 1651 con-

74 1685 277 1725 troversia
295 1684 496 1724 Bentleius
524 1686 578 1725 acl
597 1686 742 1737 Eleyos
762 1688 917 1739 referre
931 1692 1121 1738 potuerat
1134 1700 1147 1734 ,·
1176 1687 1231 1726 ad
1247 1686 1421 1725 Hecalen
1443 1689 1588 1729 cmtem,

74 1758 205 1798 nobile
229 1770 394 1809 poema,
420 1758 540 1797 mullo
573 1758 689 1797 eliam
715 1760 863 1810 pJura,
890 1760 929 1798 si
958 1759 1152 1800 historiae
1179 1759 1258 1798 siba·
1286 1762 1404 1796 nolae
1433 1757 1591 1795 ‹Imtum

84 1827 151 1867 Vir
179 1827 360 1867 Sumnms
388 1829 502 1879 sequi
530 1830 733 1870 vomisset.
792 1832 886 1870 Tum
916 1832 1032 1881 mihi,
1062 1833 1126 1884 qui
1167 1836 1258 1871 ante
1288 1831 1431 1869 multos
1461 1838 1590 1868 annos

78 1913 241 1953 operam
269 1901 309 1940 in
347 1913 396 1940 eo
429 1906 688 1954 argumento,
717 1907 756 1942 et
795 1905 966 1943 maxime
1008 1905 1046 1944 in
1078 1903 1250 1953 Hecale,
1281 1902 1589 1949 collocaveram,

79 1974 240 2014 obviam
271 1973 413 2016 factus
437 1974 694 2014 Buttmannus
729 1981 768 2016 et
806 1978 1033 2029 specimen,
1066 1976 1172 2030 quod
1211 1977 1249 2015 ci
1288 1975 1510 2022 misissem,
1540 1983 1591 2010 ex

79 2046 158 2085 hoc
187 2058 339 2099 genere
366 2059 388 2086 a
417 2059 478 2086 me
509 2047 654 2088 editum
684 2049 724 2088 in
742 2049 962 2089 Annalibus
981 2049 1226 2089 Academiae
1245 2047 1474 2095 Rhenanae,
1502 2056 1590 2083 cum

80 2119 198 2158 multa
244 2118 391 2158 laetitia
441 2122 617 2172 excepit,
662 2127 781 2174 utque
818 2135 1028 2175 pergerem
1075 2122 1251 2161 hortatus
1298 2124 1381 2169 est,
1422 2123 1461 2158 et
1507 2118 1592 2169 ipse

80 2195 221 2243 postea
258 2191 481 2244 elegantem
514 2193 885 2232 commentationem
917 2192 965 2232 dc
990 2193 1163 2244 Cydippe
1193 2191 1331 2237 edidit,
1363 2189 1411 2227 dc
1444 2186 1593 2227 Hecale

82 2267 210 2302 autem
240 2263 369 2303 obiter
398 2263 463 2303 hic
494 2264 575 2303 illic
606 2264 722 2304 docte
742 2266 981 2304 mentionem
1002 2264 1111 2303 fecit.
1170 2264 1359 2304 Senserat
1389 2261 1466 2311 ille,
1488 2258 1594 2312 quod

83 2335 199 2373 etiam
238 2335 474 2375 Ruhnkenio
519 2337 773 2376 obversatum
818 2348 909 2376 esse
947 2349 995 2375 ac
1034 2336 1183 2388 Toupio
1226 2334 1472 2387 putaverim,
1511 2331 1597 2371 fra-

82 2411 330 2459 gmentorum
361 2407 558 2459 Hecales,
590 2412 630 2447 et
668 2409 983 2448 testimoniorum
1025 2408 1075 2447 do
1120 2420 1169 2447 eo
1210 2408 1406 2455 carmine,
1447 2408 1597 2444 tantum

84 2490 309 2530 superesse,
339 2483 525 2530 quantum
554 2478 603 2517 ad
633 2480 915 2519 restituendam
950 2479 1146 2527 Hecalen,
1176 2479 1254 2518 hoc
1284 2482 1367 2526 est,
1398 2476 1446 2515 ad
1479 2475 1598 2515 eslin-

84 2551 257 2603 gendum
291 2550 451 2602 aliquod
482 2553 668 2591 carminis
687 2551 939 2591 Callimachei
972 2551 1222 2590 simulacrum
1244 2550 1426 2589 sufficiat.
1468 2549 1596 2601 Atque

83 2623 230 2662 utinam
262 2623 417 2661 viveret
444 2622 513 2661 Vir
541 2625 930 2674 praestantissimus3
958 2625 1106 2663 utinam
1135 2623 1287 2675 legere,
1316 2634 1417 2674 quae
1445 2624 1485 2662 in
1514 2622 1600 2661 He-

87 2694 200 2734 calen
232 2699 519 2735 commentatus
550 2707 660 2745 suin,
689 2701 851 2747 posset3
893 2697 1041 2736 utinam
1070 2693 1316 2747 respondere
1358 2694 1529 2745 litteris,
1559 2699 1601 2734 ut

88 2765 222 2806 facere
253 2771 543 2818 consueverat,
574 2768 721 2808 iudicio
756 2768 897 2821 plenis,
927 2780 978 2808 ex
1008 2767 1125 2808 laude
1147 2771 1186 2806 et
1215 2766 1330 2806 docta
1356 2766 1601 2806 dubitatione

87 2836 306 2878 amabiliter
336 2839 482 2878 mixtis.
