1856 3126
796 138 1099 177 *268-

186 252 340 292 aetatis.
399 250 515 303 Apud
545 252 729 293 Nonnum
761 265 955 307 nusquam
985 258 1060 306 est,
1090 254 1124 295 si
1154 257 1266 296 recte
1285 255 1470 297 memini:
1500 255 1608 308 quod
1632 257 1713 297 mi-

184 324 313 374 reris,
343 334 460 374 quum
490 327 568 364 tam
601 329 732 377 aptum
762 326 897 366 versui
928 329 980 367 sit
1012 326 1264 367 vocabulum.

925 505 975 546 X.

291 625 475 678 Denique
498 625 548 665 ad
578 626 770 674 Heca1en,
794 630 987 666 mortuam
1012 626 1117 667 illam
1141 627 1314 680 quidem,
1337 627 1497 668 accedit
1519 626 1710 666 Theseus.

183 696 270 744 Quo
303 696 396 736 loco
440 696 489 736 de
529 701 655 737 morte
686 698 928 737 mentionem
963 697 1106 738 fecerit
1144 703 1290 751 poeta,
1332 700 1414 740 dixi
1449 700 1541 752 Cap.
1577 698 1659 740 Vll.
1690 711 1712 738 e

182 769 430 809 coniectura.
489 768 602 809 Alius
633 768 711 809 hoc
735 768 891 810 demum
924 768 1030 821 loco,
1060 770 1099 809 in
1129 782 1205 822 quo
1236 782 1341 810 nunc
1364 781 1584 820 versamur,
1614 781 1714 809 nar-

180 841 375 880 rationem
409 841 552 881 sactam
586 842 635 880 de
666 845 795 881 morte
827 842 1032 881 coniiciet.
1094 842 1182 882 Sic:
1210 842 1320 883 Haec
1351 843 1416 882 ibi.
1477 842 1529 882 At
1558 842 1712 882 interea

180 924 346 964 gravem
388 913 532 963 annis,
572 925 760 953 moerore
804 913 1038 953 exhaustam
1078 913 1276 965 hospitam
1312 914 1434 954 satum
1481 913 1711 954 abstulerat.

181 984 273 1024 Mihi
297 984 390 1024 illud
423 984 591 1036 placuit:
621 990 677 1036 ut,
702 985 809 1037 quod
834 990 1150 1025 consentaneum
1179 990 1346 1025 naturae
1376 986 1564 1025 carminis
1594 986 1711 1038 epici,

182 1056 307 1095 semel
342 1060 484 1108 coepta
527 1057 576 1095 de
620 1058 820 1097 anxietate
860 1057 1033 1108 fletuque
1066 1056 1234 1097 Hecales
1271 1057 1448 1096 narratio
1488 1068 1615 1110 usque
1659 1057 1709 1097 ad

180 1132 348 1167 mortem
379 1128 464 1168 eius
496 1130 727 1169 continuata
763 1129 882 1169 fuerit
910 1140 990 1169 uno
1022 1134 1180 1169 tenore.

291 1200 351 1240 De
379 1212 487 1240 nexu
510 1200 622 1239 varia
652 1200 963 1253 excogitaveris.
1023 1200 1150 1240 Veluti
1174 1199 1409 1252 apparuisse
1430 1197 1587 1238 Theseo
1610 1197 1712 1238 dor-

180 1273 315 1313 mienti
345 1270 519 1313 εἴδωλον
550 1272 735 1324 Hecales,
768 1277 808 1313 et
835 1273 976 1314 similia
1006 1272 1299 1325 pronunciasse
1330 1271 1420 1322 illis,
1451 1281 1553 1324 quae
1585 1274 1714 1310 mater

177 1344 303 1385 Ulixis
333 1345 436 1397 apud
465 1346 703 1385 Homerum:
745 1341 853 1385 α’λλά
882 1359 934 1396 με
965 1344 1038 1392 σός
1067 1359 1111 1384 τε
1143 1343 1298 1396 πόθος,
1326 1368 1381 1374 -
1412 1340 1464 1397 σή
1495 1343 1528 1384 τ’
1559 1342 1714 1395 α’γανο-

180 1415 373 1471 φροσύνη
402 1417 604 1471 μελιηδέα
632 1414 775 1468 θυμὸν
805 1413 993 1471 ἀπηύρα.
1028 1417 1091 1456 vel
1123 1412 1289 1466 εὕδεις,
1323 1413 1460 1468 αὐτὰρ
1493 1411 1610 1466 ἐμεῖο
1641 1417 1713 1454 λε-

178 1491 386 1538 λασμένος
417 1487 541 1530 ἔπλευ
572 1513 650 1528 —-.
710 1487 1051 1540 Simplicissimum
1090 1487 1292 1528 videbitur
1337 1487 1428 1526 hoc.
1502 1486 1712 1537 Postquam

178 1564 383 1599 narratum
416 1560 465 1599 de
501 1560 608 1600 sacto
641 1561 864 1600 sacrificio:
902 1562 963 1600 Ac
995 1565 1071 1600 tum
1105 1560 1337 1600 recordatio
1368 1558 1488 1599 subiit
1515 1558 1712 1598 Theseum

178 1632 312 1672 honae
345 1632 527 1684 hospitae
558 1645 670 1673 suae.
730 1632 802 1672 Vel
831 1633 912 1673 sic:
944 1630 1031 1672 ἔνθ’
1061 1625 1150 1672 αὖτ’
1182 1630 1273 1672 ἀλλ’
1303 1628 1447 1685 ἐνόησε
1478 1628 1639 1682 (αὕτάρ
1658 1652 1713 1661 —-

180 1696 270 1744 ἄλλ’
303 1703 492 1758 ἐνόησεν)
530 1729 569 1734 —
591 1740 601 1757 ‚
630 1705 680 1744 de
711 1705 854 1744 itinere
887 1705 1100 1758 cogitavit,
1130 1715 1283 1743 memor
1314 1702 1510 1754 hospitae.
1571 1701 1621 1742 Ut
1652 1706 1714 1742 est

182 1775 284 1828 apud
316 1776 499 1817 Nonnum
534 1777 574 1817 in
621 1777 752 1817 fabula
791 1776 967 1829 Staphyli
1005 1776 1141 1816 XVlll.
1174 1775 1268 1817 334.
1298 1787 1384 1827 sqq.
1429 1773 1531 1825 Ὀψὲ
1573 1775 1618 1813 δὲ
1660 1771 1710 1827 δὴ

180 1846 432 1898 παλίνορσος
477 1871 531 1878 —-
577 1845 784 1894 Διόνυσος
828 1845 1011 1887 ἐδύσατο
1061 1845 1246 1899 Βότρυος
1291 1845 1451 1898 αὐλήν,
1535 1847 1712 1899 μνῆστιν

180 1915 291 1969 ἔχων
318 1917 559 1972 Σταφύλοιο
592 1916 1136 1973 φιλοστόργοιοτραηέζης.
1195 1917 1253 1957 Cf.
1271 1930 1355 1970 sup.
1377 1917 1470 1970 Cap.
1488 1917 1531 1956 V.
1561 1929 1598 1969 p.
1620 1917 1711 1957 121.

179 1991 364 2042 μνῆστιν
393 1987 506 2042 ἔχειν
535 1990 700 2031 Nonnus
732 2003 813 2031 non
842 1991 921 2030 hoc
954 1994 1102 2030 tantum
1133 1990 1171 2029 in
1200 1989 1318 2040 loco,
1349 1989 1420 2028 sed
1449 2001 1572 2042 saepe
1602 1988 1712 2039 dixit,

183 2060 354 2100 imitatus
397 2062 445 2100 de
490 2064 647 2115 poetis,
696 2075 796 2115 quos
836 2075 943 2103 nunc
986 2062 1204 2113 habemus,
1236 2061 1491 2114 Apollonium
1522 2061 1585 2101 Ill.
1616 2061 1710 2101 290.

179 2131 421 2174 Nicandrum
452 2133 634 2186 Alexiph.
668 2140 769 2175 extr.
802 2139 841 2175 et
872 2134 988 2175 Ther.
1018 2139 1119 2174 extr.
1234 2132 1503 2174 Proficiscitur
1528 2145 1578 2173 eo
1602 2133 1711 2173 The-

181 2215 275 2244 seus
293 2235 304 2256 ,
339 2209 378 2245 et
406 2205 582 2246 Hecalen

476 2303 530 2308 —
560 2276 742 2328 repperit
767 2275 807 2316 in
837 2288 934 2329 royo
970 2276 1175 2316 iacentem.

183 2347 264 2388 Sed
296 2352 428 2388 tamen
459 2362 481 2389 a
521 2349 764 2389 Callimacho
802 2360 883 2388 non
921 2349 1037 2400 plane
1069 2348 1150 2388 hoc
1188 2349 1314 2401 ipsum
1359 2348 1547 2400 scriptum
1585 2346 1711 2387 fuisse

183 2420 368 2461 arbitror.
427 2420 606 2462 Theseus
631 2421 860 2461 Callimachi
888 2421 1058 2461 colonos
1086 2421 1315 2473 reperiebat
1343 2421 1381 2460 in
1411 2419 1557 2460 tumulo
1581 2431 1711 2459 occu-

181 2497 308 2544 patos.
368 2493 442 2533 Hic
472 2495 577 2534 enim
606 2494 741 2552 insero
774 2494 958 2544 feliciter,
986 2494 1064 2534 nisi
1087 2506 1150 2533 me
1178 2505 1320 2534 sensus
1348 2492 1456 2543 fallit,
1486 2492 1711 2545 Fragmen-

184 2569 262 2604 tum
299 2564 421 2606 CCLI.
487 2565 530 2605 ld
561 2566 822 2619 Etymologus
862 2578 899 2618 p.
931 2565 1025 2617 437,
1060 2567 1123 2605 11.
1163 2565 1316 2617 profert
1345 2565 1419 2605 ita:
1450 2557 1608 2617 ’Ἡρια,
1640 2564 1711 2603 και·

184 2634 282 2686 ἦριίιι
302 2653 310 2661 ·
346 2663 397 2668 -
432 2634 727 2689 παροξυτόνως
759 2638 805 2677 δὲ
832 2635 929 2683 τούς
960 2635 1134 2691 τάφους,
1164 2633 1280 2689 παρὰ
1311 2634 1387 2688 τήν
1415 2632 1530 2689 ἔραν·
1563 2633 1608 2675 τὸ
1628 2632 1708 2687 γάρ

185 2706 366 2747 παλαιὸν
397 2710 439 2748 ἑν
468 2715 552 2756 τοῖς
580 2706 809 2760 κοιλώμασι
845 2710 918 2762 τῆς
944 2710 1018 2762 γῆς
1049 2706 1247 2759 ἔθαπτον,
1277 2704 1380 2761 μήτε
1411 2704 1572 2761 σιδήρῳ
1601 2704 1708 2757 μήτε

181 2778 325 2831 χαλκῷ
356 2782 617 2831 κεχρημένοι.
692 2775 858 2832 ἢπαρά
897 2778 969 2819 τὸν
1009 2779 1142 2832 α’έρα,
1188 2771 1314 2831 ἤγουν
1344 2775 1414 2818 τὸν
1454 2775 1710 2825 ἐπικείμενον

185 2846 332 2891 σκότον
365 2856 450 2898 τοῖς
477 2854 691 2893 τεθνεῶσι.
754 2850 999 2907 Θεόκριτος·
1084 2854 1154 2892 καί
1189 2852 1284 2905 ἠρία
1315 2849 1549 2903 κεμηώτων.
1637 2848 1707 2888 καί
