1856 3126
760 111 1068 149 —149—

142 237 179 277 p.
216 225 305 265 110.
336 225 379 265 B.
421 226 585 266 DlOClOS
616 227 847 280 Carystius:
895 228 1000 269 ἔωνῖε
1031 231 1076 271 δὲ
1106 228 1178 270 καί
1208 224 1327 278 οὗτος
1363 230 1424 270 ἐπ’
1459 226 1686 282 ἆνθρᾶκων

140 296 346 349 γίνεσθαι,
375 293 515 349 ὥσπερ
551 300 623 337 καί
652 295 671 337 ὃ
703 301 801 350 παρ’
832 302 1029 349 Ἀττικοῖς
1060 299 1308 355 ἐγκρυφίας.
1341 307 1382 343 et
1413 304 1613 356 onodae‘ztyv
1644 316 1684 355 p.

145 370 235 408 111.
265 369 308 408 E.
340 370 484 421 quique
519 370 569 409 ibi
602 372 732 410 statim
767 374 1030 426 subiungitur,
1063 372 1317 424 ἀποπυρίας,
1347 378 1412 427 qui
1441 380 1479 414 et
1509 377 1593 426 ipse
1621 377 1684 416 ἐπ’

142 435 369 498 ἀνθράκων
401 442 598 481 ὀπτᾶται.
654 442 703 481 Et
733 443 940 499 e'yaeyvqu'q
971 445 1092 492 omni,
1126 457 1213 483 nain
1247 458 1340 485 suas
1370 447 1561 498 quasdam
1586 460 1685 499 spe-

140 511 225 550 cies
256 510 444 551 habuisse
475 513 551 552 hoe
582 526 736 566 genus,
769 517 850 556 suis
882 515 1062 568 singulas
1095 517 1320 556 nominibus
1351 518 1584 568 distinctas,
1620 521 1686 558 in-

140 581 257 622 diciis
288 584 523 634 quibusdam
554 586 798 639 intelligitur,
830 588 907 627 hoc
936 589 1152 640 proprium,
1186 595 1225 629 ut
1255 591 1465 643 appellatio
1499 592 1684 644 loquitur,

136 651 384 709 ἐγκρυφίας,
416 661 455 695 et
486 657 793 698 Callimacheum
828 661 992 699 verbum
1024 660 1340 715 {rzxpz'nzovm‚
1373 665 1478 715 quod
1510 669 1613 704 totus
1644 666 1682 704 in

138 726 289 776 cinere,
320 727 398 767 hoc
431 734 505 780 est,
541 730 658 770 etiam
691 743 864 782 superne
898 736 1025 771 tectus
1059 733 1195 771 cinere
1229 740 1496 784 coqueretur:
1540 734 1611 776 τὸν
1640 738 1683 776 ἐν

136 798 552 854 onodrg72¹51¹ripczrov‚
595 803 640 841 ἐν
675 803 817 857 σποδῷ
849 806 1160 854 κεκριῃιμιέιων,
1193 806 1390 856 explicant
1437 808 1500 845 alii
1576 808 1682 859 quod

134 882 214 910 non
250 871 351 910 inest
384 873 421 910 in
456 871 517 912 his
549 873 895 925 appellationibus,
929 874 1187 926 ἐπανθρακίς
1206 888 1235 915 5.
1258 876 1541 928 ἅπαιιθρακίς,
1574 874 1682 917 ἀπο-

133 944 301 995 πυρίας.
361 944 578 997 σηοὸϊτην,
615 957 717 996 quae
750 959 821 998 per
853 959 897 985 se
930 951 1005 985 tam
1039 947 1244 999 generalis
1278 949 1511 1000 appellatio,
1543 955 1583 989 ut
1614 951 1681 989 ni-

132 1013 186 1054 hil
218 1014 312 1054 inde
345 1015 396 1054 ad
438 1019 731 1058 accuratiorem
768 1019 1039 1058 definitionem
1070 1019 1245 1070 efficias,
1277 1020 1571 1073 Lexicographi
1608 1034 1678 1061 re-

133 1088 336 1128 centiores
365 1079 486 1143 vulgo
533 1103 672 1131 omnes
716 1093 886 1132 eundem
931 1105 1051 1142 esse,
1088 1095 1152 1143 qui
1190 1093 1453 1145 e'yuprqa'ag,
1488 1098 1677 1134 statuunt.

129 1161 375 1200 Favorinus:
409 1163 589 1219 Σποὸίτῃ
612 1159 724 1220 ἄρτῳ
756 1167 811 1220 τῷ
843 1164 1051 1219 ἑγκρυφιζι
1070 1165 1329 1214 zanunim.
1367 1164 1479 1215 παρὰ
1512 1167 1566 1220 τῷ
1589 1163 1677 1205 ‘In-

130 1231 346 1285 ποκράτει.
404 1235 686 1288 Hippocratem
712 1238 942 1291 ἐγκρυφιόυ
974 1241 1013 1275 et
1041 1236 1296 1288 ε’γκρυφιαῖν,
1328 1248 1494 1276 numero
1517 1237 1672 1289 plurali,

128 1308 372 1347 mentionem
406 1307 543 1348 facere
576 1309 678 1359 scio,
711 1314 752 1348 ut
782 1321 831 1348 co
863 1308 980 1358 loco,
1011 1320 1125 1360 quem
1152 1309 1414 1348 Casaubonus
1454 1310 1491 1348 in
1525 1310 1670 1350 Athen.

127 1380 343 1420 Animadv.
374 1392 411 1432 p.
443 1381 535 1420 909.
566 1381 715 1431 laudat,
750 1382 813 1433 qui
845 1386 904 1421 cst
933 1381 1119 1433 'Enidmn
1151 1382 1217 1423 lib.
1248 1380 1328 1421 Vll.
1363 1393 1398 1433 p.
1419 1381 1512 1420 637.
1544 1382 1583 1421 Τ.
1608 1382 1670 1422 lll.

128 1453 191 1492 ed.
222 1452 327 1504 Lips.
363 1457 401 1492 ct
438 1452 555 1503 alibi,
588 1453 709 1503 illud,
738 1454 937 1506 onod‘z'vp·
970 1453 1139 1492 cumtcm
1174 1458 1213 1492 ct
1241 1454 1475 1507 ἐγκρυφίαν
1509 1454 1613 1503 (lici,
1648 1468 1670 1494 a

126 1524 326 1564 Favorino
360 1529 508 1577 putem,
537 1538 618 1564 non
649 1525 697 1565 ab
733 1525 975 1577 Hippocrate
1010 1538 1114 1566 esse.
1175 1527 1253 1566 Sed
1292 1526 1475 1566 concedo
1519 1528 1671 1579 proba-

127 1597 261 1637 biliter
286 1599 338 1637 ita
369 1599 504 1648 statui,
538 1598 707 1637 eundem
733 1610 838 1638 esse.
896 1598 961 1638 Ad
990 1604 1167 1638 nostram
1190 1611 1273 1638 rem
1304 1598 1465 1650 dignum
1496 1600 1670 1640 sortasse

126 1672 320 1710 memoria
353 1675 429 1722 est,
463 1671 568 1722 qnod
599 1671 762 1712 Diocles
794 1673 802 1711 l
851 1672 873 1711 l.
906 1685 943 1724 p.
978 1672 1069 1712 110.
1105 1672 1146 1711 Β.
1180 1670 1343 1711 scribit:
1375 1667 1514 1724 ὥσπερ
1546 1674 1619 1712 καί
1648 1669 1668 1711 ὅ

126 1743 243 1796 παρ’
286 1742 560 1789 Ἀττικοῖς
603 1741 861 1798 ἐγκρυφιάςε
909 1745 1014 1785 unde
1061 1744 1201 1797 aliquis
1248 1744 1507 1783 occasionem
1559 1749 1670 1796 petat

126 1816 315 1856 laudandi
353 1815 650 1866 Callimachum,
683 1818 788 1868 quod
819 1819 857 1857 in
890 1818 1021 1858 fabula
1051 1818 1182 1856 Attica
1212 1816 1317 1855 bene
1347 1827 1498 1855 morem
1526 1817 1672 1856 obser-

125 1889 281 1928 vaverit
313 1889 487 1928 atticum.
548 1888 792 1941 Quamquam
837 1890 924 1929 aliis
957 1901 1117 1942 quoque
1156 1888 1311 1941 populis
1346 1892 1479 1927 notum
1520 1886 1672 1940 ἐγκρυ-

127 1964 230 2015 φίαν
262 1960 385 2000 fuisse
416 1960 570 2011 credO,
603 1965 722 2013 atque
754 1962 838 2014 ipse
873 1962 1038 2001 Diocles
1065 1962 1194 2001 statim
1230 1960 1398 2012 aliquem
1432 1961 1517 1999 eius
1556 1960 1670 2011 panis

125 2045 239 2073 usum
273 2035 388 2072 etiam
421 2034 524 2086 apud
553 2034 854 2074 Alexandrinos
887 2046 979 2074 esse
1011 2034 1132 2074 asldit.
1189 2035 1287 2084 Nisi,
1321 2046 1422 2086 quae
1451 2034 1595 2073 Sturzii
1619 2033 1668 2073 (le

126 2107 221 2146 dial.
251 2107 471 2147 Alexandr.
513 2106 650 2159 p.‚69.
689 2108 909 2159 sententia,
950 2107 1056 2159 quod
1090 2107 1253 2147 Diocles
1300 2107 1463 2146 scribit:
1508 2103 1555 2145 ὃν
1598 2103 1671 2145 καί

124 2178 412 2230 Ἀλεξαιδρεῖς
442 2184 518 2222 etc.
554 2180 603 2220 ad
635 2185 985 2220 commemoratam
1019 2186 1135 2221 antea
1171 2180 1454 2233 epantbracicta
1484 2180 1666 2231 pertinet.

126 2251 340 2291 Praeterea
372 2253 656 2294 Callimachum
691 2254 797 2306 quod
831 2255 985 2305 attinet,
1018 2259 1079 2294 est
1109 2253 1271 2307 aliquid,
1303 2254 1377 2292 nisi
1412 2252 1548 2302 fallor,
1582 2251 1669 2290 dis-

127 2323 304 2363 criminis
333 2325 437 2364 inter
473 2337 598 2377 panes
631 2337 727 2374 eos,
760 2337 860 2376 quos
892 2325 1051 2365 Theseo
1085 2324 1234 2365 Hecale
1276 2323 1462 2374 apponit,
1494 2325 1532 2360 et
1564 2320 1666 2370 titos,

125 2396 191 2448 qui
224 2395 441 2436 afferuntur
470 2398 509 2436 in
542 2399 911 2449 comparationem,
944 2398 1060 2444 οἵους
1089 2398 1312 2450 βωνίτῃσηι
1356 2399 1431 2433 etc.
1490 2394 1666 2443 Namque

123 2466 324 2523 sswz'c'tnoc
355 2470 419 2521 qui
450 2471 755 2522 apponebantur
777 2471 825 2510 ab
857 2483 978 2522 opere
1000 2470 1260 2509 redeuntibus
1277 2479 1402 2520 panes
1423 2466 1666 2518 ἑγκρυφιάι,

124 2539 380 2592 plerumque,
414 2545 456 2579 ut
485 2542 654 2580 credere
685 2555 756 2594 par
786 2547 872 2594 est,
915 2543 1047 2581 subito
1094 2546 1210 2592 atque
1253 2553 1303 2579 ex
1345 2544 1524 2590 tempore
1558 2537 1666 2586 sacti,

125 2613 255 2653 statim
287 2617 329 2652 ut
356 2613 649 2665 proveniebant
679 2626 700 2652 e
732 2614 884 2661 cinere,
913 2614 1217 2666 apponebantur
1248 2611 1380 2652 calidi.
1441 2608 1564 2661 quue
1600 2609 1665 2647 in-

125 2690 200 2735 est,
232 2686 266 2725 si
297 2686 419 2724 verba
454 2686 633 2735 rimeris,
663 2686 701 2724 in
735 2686 828 2725 loco
863 2685 1119 2725 Callimachi:
1153 2684 1331 2724 condunt
1370 2682 1556 2722 mulieres
1590 2693 1665 2733 pa-

125 2770 216 2797 nem
254 2759 291 2797 in
322 2759 490 2805 cinere,
520 2758 598 2797 iam
630 2758 800 2797 reditum
838 2757 1069 2809 parantibus
1109 2755 1322 2811 p'wrfzffim.
1388 2756 1507 2796 Usum
1546 2759 1664 2806 atque

127 2842 303 2870 amorem
333 2832 448 2884 panis
478 2830 598 2870 calidi
642 2830 880 2870 testimoniis
912 2841 993 2869 non
1035 2831 1197 2881 paucis,
1232 2833 1438 2880 poctarum
1478 2827 1663 2876 maxime,
