1856 3126
752 116 1058 154 -123—

152 238 338 286 mundus,
370 248 458 277 cum
491 239 678 276 accurata
706 235 955 288 singulorum
985 232 1226 273 ferculorum
1252 230 1369 270 etiam
1394 223 1547 278 eorum,
1578 237 1681 279 quae

152 311 369 359 tritissima,
401 307 680 357 minutissima,
713 307 1030 355 enumeratione,
1061 304 1277 357 imaginem
1306 300 1554 355 praebebant
1585 310 1684 338 sua-

149 385 372 432 vissimam,
405 383 442 421 in
476 394 552 433 qua
582 380 806 421 luculenter
840 380 1057 420 eminuisse
1096 376 1300 429 ingenium
1332 374 1513 427 inprimis
1546 374 1680 425 aptum

150 456 293 497 talibus
323 455 444 494 rebus
474 452 704 491 Callimachi
747 451 941 491 credibile
975 454 1050 489 est.
1108 447 1166 488 Ne
1197 447 1314 486 nimis
1344 444 1546 484 horridum
1578 443 1680 482 hos-

147 528 297 580 pitium,
327 526 471 564 victum
504 536 622 575 supra
657 524 817 564 modum
849 522 967 563 vilem
1001 521 1124 561 fuisse
1159 524 1286 573 putes,
1318 519 1402 570 ipsa
1437 517 1500 556 illa
1536 527 1684 564 rerum,

149 599 200 639 ad
232 600 459 650 apparatum
495 608 677 648 coenae,
717 595 971 649 quantumvis
1014 597 1196 642 tenuem,
1239 590 1521 643 pertinentium
1556 587 1686 638 copia,

150 684 266 726 quam
300 674 495 711 testantur
526 670 777 722 fragmenta,
812 665 1015 706 admonet.
1074 663 1231 704 Deinde
1259 673 1475 715 pauperem
1506 659 1583 699 dici
1604 658 1690 698 He-

149 745 292 794 calen,
324 742 548 782 mendicam
578 741 641 780 vel
684 744 869 792 egentem
900 749 981 777 non
1013 737 1115 785 dici,
1146 747 1278 787 neque
1325 735 1365 774 in
1399 737 1584 785 egentem
1617 742 1691 769 ca-

151 816 264 867 dere,
297 815 402 868 quod
435 815 484 854 (le
516 819 611 853 nota
642 813 787 853 viatori
820 812 926 852 omni
957 808 1223 862 hospitalitate
1249 806 1422 846 Hecales
1454 804 1540 856 ipse
1572 802 1691 841 tradit

150 887 441 938 Callimachus,
476 886 735 926 observatum
768 889 827 925 est
860 885 896 923 in
927 880 1228 934 Prolcgomenis
1257 891 1294 931 p.
1327 876 1394 917 24.
1455 876 1588 924 Quare
1622 875 1689 914 ni-

149 959 268 998 mium
302 958 463 1010 dicunt,
495 962 536 997 ut
566 970 686 997 imum
720 958 967 1010 alterumque
1000 964 1333 1002 commemorem,
1363 947 1570 991 Turnebus
1598 946 1688 986 Ad-

150 1043 255 1070 vers.
290 1030 318 1070 Ι.
357 1031 418 1070 15.
455 1031 595 1071 XXVI.
622 1032 659 1070 7.
722 1032 763 1070 C.
794 1030 1045 1083 Rhodiginus
1075 1028 1116 1068 L.
1138 1027 1187 1067 A.
1219 1025 1345 1066 XXX.
1371 1024 1434 1063 11.
1493 1020 1688 1062 Mem-sius

153 1101 194 1140 in
227 1101 384 1141 Theseo
415 1115 450 1141 c.
487 1103 549 1143 10.
582 1115 699 1154 quum
732 1102 941 1141 mulierem
960 1099 1282 1152 pauperrimam,
1315 1108 1436 1136 amtm
1464 1093 1692 1146 pauperri-

151 1186 270 1224 mam,
301 1187 422 1213 (mam
452 1174 664 1213 admodum
694 1182 922 1225 pauperem
954 1173 1103 1212 dicunt.
1163 1172 1296 1221 Nunc,
1328 1167 1487 1222 quando
1521 1167 1570 1206 de
1603 1166 1690 1205 cle-

151 1247 264 1299 ganti
309 1246 441 1285 tabula
487 1246 756 1286 Callimachea
801 1245 899 1284 nihil
938 1245 1015 1284 nisi
1066 1244 1290 1296 fragmenta
1333 1243 1575 1293 supersunt,
1607 1250 1690 1277 non

150 1331 278 1371 pauca
310 1318 467 1369 quidem
502 1317 583 1367 illa,
613 1318 685 1357 scd
724 1317 916 1365 disiecta,
946 1321 985 1355 et
1020 1328 1070 1355 ex
1101 1315 1243 1367 quibus
1283 1312 1443 1353 difficile
1482 1315 1544 1351 est
1573 1322 1691 1350 unam
1754 1363 1762 1370 ,

152 1389 280 1428 cuivis
312 1390 477 1428 intuenti
510 1390 761 1442 perspicuam
794 1389 1011 1441 imaginem
1049 1387 1239 1436 efficere,
1276 1384 1690 1436 circumspicientibus

151 1461 388 1513 exemplum,
418 1461 523 1513 quod
552 1461 731 1501 uinbram
763 1462 874 1513 quasi
899 1461 994 1500 artis
1017 1458 1311 1500 Callimacheae
1342 1456 1542 1507 exhibeat,
1573 1466 1692 1507 prae-

151 1539 214 1573 ter
244 1534 469 1586 elegantem
503 1534 635 1574 Ovidii
667 1536 937 1574 narrationem
970 1534 1019 1573 de
1053 1532 1282 1573 Philemone
1314 1535 1353 1570 ct
1381 1528 1569 1577 Baucide,
1601 1526 1694 1566 Μο-

152 1607 226 1646 reti
257 1607 429 1646 maxime
463 1609 702 1647 commendo
737 1608 949 1648 iucundam
982 1608 1020 1647 in
1060 1619 1104 1646 re
1136 1605 1246 1646 tenui
1284 1603 1532 1657 diligentiam
1573 1606 1692 1651 atquc

156 1678 393 1717 ubertatem.
452 1678 547 1718 Tum
580 1680 789 1720 Germanis
826 1680 943 1720 facile
975 1681 1014 1719 in
1046 1683 1217 1718 mentem
1250 1675 1386 1715 veniet
1417 1674 1591 1726 idyllium
1619 1673 1694 1711 tri-

154 1751 336 1802 partitum
369 1751 395 1789 1.
431 1749 475 1789 H.
507 1751 652 1790 Vossii.
714 1751 814 1791 Hinc
853 1757 915 1791 est
946 1750 1052 1803 quod
1085 1749 1261 1789 Hecalcn
1302 1747 1525 1799 proximam
1566 1745 1689 1786 fuisse

156 1823 338 1862 tenuitati
370 1835 418 1861 ac
450 1824 636 1863 suavitati
678 1825 814 1876 poesis
845 1824 1054 1863 bucolicae
1086 1822 1180 1862 dixi.
1240 1821 1297 1860 Ea
1343 1819 1575 1860 observatio
1616 1817 1694 1857 du-

156 1895 248 1946 plex
281 1899 353 1934 est.
413 1895 510 1935 Nam
545 1900 582 1934 et
619 1906 710 1952 pars
746 1894 935 1933 carminis
966 1893 1083 1944 hacc,
1119 1894 1157 1933 in
1188 1905 1263 1945 qua
1293 1903 1400 1931 nunc
1430 1890 1694 1938 constitimus,

157 1971 239 2007 tota
271 1971 450 2006 naturam
483 1967 647 2020 generis
679 1965 852 2005 bucolici
884 1965 1017 2015 habet,
1048 1970 1086 2005 ct
1116 1965 1339 2019 argumenti
1366 1963 1545 2014 heroici,
1577 1961 1694 2015 quale

158 2044 220 2080 est
253 2039 434 2078 devictus
463 2053 484 2079 a
509 2039 665 2079 Theseo
693 2044 829 2078 taurus
855 2038 1142 2088 lilarathonius,
1174 2050 1260 2078 cum
1292 2037 1428 2077 humili
1449 2047 1586 2086 scena,
1619 2034 1696 2074 dc-

159 2111 355 2152 verticulo
396 2112 570 2164 agresti,
609 2122 721 2149 more
751 2111 904 2151 rustico
937 2112 1195 2161 coniunctio,
1237 2109 1450 2150 admodum
1483 2107 1579 2147 felix
1620 2107 1698 2155 illa,

159 2183 401 2236 singularem
446 2182 646 2221 efficiebat
688 2182 810 2221 totius
849 2182 1039 2222 carminis
1090 2181 1375 2234 proprietatem
1415 2180 1694 2230 virtutemque.

161 2256 307 2296 Similis
336 2267 403 2295 res
435 2255 473 2294 in
512 2255 689 2296 carmine
728 2255 928 2295 Theocriti
957 2255 1079 2295 XXV.
1115 2255 1178 2294 cui
1216 2258 1344 2304 aptam
1376 2251 1696 2304 appellationem,

162 2339 261 2380 epos
292 2328 532 2375 bucolicum,
564 2327 815 2367 Hermannus
847 2328 1010 2367 invenit.
1073 2327 1320 2379 Quamquam
1351 2336 1429 2364 nec
1460 2324 1507 2364 ab
1537 2324 1698 2376 antiqua

162 2397 277 2450 poesi
316 2398 427 2448 epica
469 2397 635 2437 heroum
671 2411 758 2438 cum
801 2398 1028 2438 hominibus
1066 2399 1227 2438 rusticis
1271 2396 1615 2450 cong1·essi0ncS‚
1660 2398 1699 2435 ct

162 2470 268 2510 vitae
298 2481 514 2521 pauperum
541 2471 736 2524 imagines
768 2471 925 2510 alienae
955 2471 1124 2510 fuerunt.

274 2541 408 2582 Addat
437 2542 577 2594 aliquis
609 2544 826 2596 cogitando
862 2542 1054 2594 trepidam
1090 2542 1364 2592 sedulitatem,
1396 2539 1543 2580 blanda
1573 2538 1697 2578 verba

163 2616 298 2656 bonae
323 2615 519 2666 hospitae.
581 2615 753 2662 Quarum
784 2626 915 2654 rerum
952 2615 1126 2653 omnium
1157 2612 1382 2652 testimonia
1415 2611 1478 2651 vel
1523 2611 1697 2664 vestigia

165 2692 399 2741 supersunt,
430 2688 689 2727 coniecturae
721 2699 822 2740 ope,
852 2699 954 2739 quae
989 2691 1120 2725 tamen
1154 2685 1294 2725 saliere
1323 2687 1477 2737 potest,
1512 2684 1551 2724 in
1582 2682 1699 2723 ordi-

166 2775 256 2803 nem
290 2760 524 2814 redigenda.
1228 2766 1231 2768 ’

280 2834 410 2875 Primo
439 2832 646 2873 salutatum
679 2831 716 2871 in
748 2832 810 2871 via
840 2829 1036 2871 Theseum
1066 2828 1285 2870 introduxit
1307 2829 1346 2871 in
1372 2828 1582 2883 tugurium,
1602 2827 1701 2868 rude
