1856 3126
817 130 1089 168 -29...

197 244 318 283 certis
346 241 448 282 locis
476 243 719 296 assignetur.
777 245 844 285 Sic
874 246 939 286 illa
976 250 1158 299 poteram
1186 246 1293 286 inter
1322 243 1545 297 fragmenta
1574 241 1715 283 incerti

195 314 466 365 loci-ponere.
524 315 638 355 Nunc
677 314 850 369 prologo
880 318 1065 370 assigno,
1104 329 1221 370 quum
1265 320 1304 356 et
1333 314 1544 368 prologum
1589 313 1713 354 fuisse

199 385 407 437 probabile
436 387 507 435 sit,
538 390 577 426 et
607 386 670 427 illa
702 388 743 427 ei
773 388 946 440 prologo
976 389 1055 428 sint
1093 387 1520 428 accommodatissima.
1577 385 1715 438 Neque

194 456 334 496 mirum
364 456 576 508 videbitur,
609 458 715 510 quod
745 470 796 499 ex
823 458 993 511 prologo
1025 459 1245 512 fragmenta
1276 470 1357 498 non
1387 470 1514 510 pauca
1545 467 1712 496 numero

197 532 354 568 servata
383 529 475 569 sint.
532 530 741 571 Prooemia
771 530 875 570 enim
911 542 1076 583 operum
1105 542 1222 582 qumn
1248 531 1377 583 magis
1407 530 1588 581 exposita
1611 540 1714 568 ocu-

194 591 244 639 lis‘
267 600 474 652 magisque
506 607 600 641 nota
622 603 713 652 sint,
744 614 860 654 quam
890 607 1025 655 partes
1046 614 1209 654 operum
1235 601 1407 651 mediae,
1439 601 1534 641 nihil
1564 601 1720 651 mirum,

194 669 301 720 quod
331 680 382 709 ex
411 673 629 722 prooemiis
662 672 818 714 facilius
860 672 941 714 loci
985 685 1103 726 quam
1142 684 1193 712 ex
1221 672 1364 712 mediis
1398 672 1586 724 operibus
1624 671 1718 712 lau-

193 740 347 782 dentur.

305 811 429 864 Igitur
470 824 615 864 ponam
651 826 753 867 quae
784 814 881 854 mihi
924 814 1112 855 videntur
1144 814 1304 870 Prologi
1342 816 1567 869 fragmenta
1609 828 1719 867 csse,

195 893 420 935 ponamque
453 885 614 937 ordino,
645 897 727 926 non
756 898 831 937 eo,
862 898 940 939 quo
969 888 1100 939 posita
1141 888 1288 928 fuerint
1318 889 1358 928 in
1401 888 1601 937 carmine,
1633 889 1722 940 quis

198 954 303 994 enim
332 954 411 994 hoc
440 957 651 1007 praestet?
678 957 753 997 sed
783 970 861 1011 quo
893 961 1023 1012 posita
1053 960 1300 1012 prohabilem
1333 960 1621 1000 sententiarum
1650 971 1722 999 se-

194 1026 310 1077 riem,
345 1026 576 1067 Callimachi
605 1028 770 1081 indole,
802 1030 852 1071 de
886 1043 962 1084 qua
999 1043 1164 1084 prorsus
1195 1043 1325 1071 meam
1355 1031 1461 1072 facio
1498 1030 1724 1070 Buttmanni

194 1098 235 1137 in
267 1098 374 1138 Diss.
407 1097 458 1138 de
495 1097 673 1151 Cydippe
703 1102 867 1156 Mythol.
905 1103 951 1143 ΙΙ.
983 1115 1020 1156 p.
1055 1104 1145 1144 122.
1183 1104 1447 1155 sententiam,
1476 1102 1583 1144 haud
1616 1101 1725 1143 indi—

199 1181 319 1221 gnam
348 1170 577 1222 praebeant.

309 1241 439 1281 Semel
467 1252 614 1280 moneo
646 1242 869 1295 fragmenta
901 1243 1130 1284 Callimachi
1159 1256 1228 1295 ea,
1263 1255 1364 1296 quae
1395 1255 1449 1282 ex
1475 1244 1628 1285 Hecale
1657 1243 1724 1284 di-

194 1315 305 1351 serte
339 1311 503 1352 laudant
530 1314 681 1365 antiqui
712 1314 930 1366 scriptores
960 1319 1000 1355 et
1026 1315 1301 1368 grammatici,
1333 1315 1518 1357 asterisci
1550 1317 1670 1369 signo
1700 1314 1726 1338 θ’

201 1383 388 1424 distincta
420 1397 442 1424 a
473 1397 537 1425 me
567 1386 727 1437 apponi.

306 1456 463 1510 Fragm.
495 1456 640 1497 CLXV.
710 1456 715 1461 “

417 1528 519 1582 μηδ’
549 1526 620 1568 ἀπ’
650 1528 755 1580 ἐμεῦ
785 1528 938 1582 διφοῖτε
969 1527 1078 1581 μέγα
1110 1528 1359 1582 ψοφὲουσαν
1383 1526 1544 1582 ἀοιδήν.

307 1599 463 1652 Fragm.
493 1599 609 1640 XLII.
639 1599 665 1622 ἐξ

421 1671 555 1711 ἀείδει
582 1672 660 1711 καί
686 1666 767 1710 πού
799 1684 864 1719 τις
895 1666 999 1724 ἀνὴρ
1029 1667 1241 1724 ὑδατηγὸς
1270 1667 1427 1722 ἷμαῖον.

306 1741 462 1795 Fragm.
498 1742 788 1783 ccrxxxvn.

416 1815 571 1856 εἵνεκεν
605 1813 687 1869 οὔχ
715 1812 760 1855 ἓν
790 1810 948 1866 ἄεισμα
978 1813 1161 1868 διηνεκὲς
1192 1842 1375 1854 .....

415 1881 564 1938 ἤνυσα.

306 1951 461 2010 Fragm.
492 1957 570 1999 L11.
600 1959 627 1983 '⁰'

417 2023 539 2069 αὖτοί
562 2030 642 2081 μὲν
673 2028 879 2084 φιλέουσ’,
908 2029 1032 2070 av‘wi
1061 2029 1107 2070 δέ
1134 2042 1180 2068 τε
1213 2029 1481 2082 πεφρίκασιν·

414 2096 610 2152 ἑσπέριον
638 2101 868 2153 φιλέουσιν,
899 2098 1006 2153 α’τὰρ
1037 2100 1286 2152 στυγέουσιν
1314 2096 1429 2156 ξῷον.

305 2171 464 2223 Fragm.
495 2170 664 2211 XLVIII.
693 2171 720 2193 ⁷³·

417 2241 461 2281 οἳ
489 2256 538 2281 νυ
572 2243 644 2280 καί
672 2242 918 2282 Ἀπόλλωνα
950 2242 1183 2292 παναρκέος
1206 2238 1388 2280 Ἠελίοιο

413 2313 525 2364 χῶρι
556 2309 862 2365 διατμήγουσι,
896 2310 967 2353 καί
996 2306 1157 2351 εὔποδα
1192 2311 1386 2364 Δηωΐνην

411 2381 683 2435 Ἀρτέμιδος.

195 2478 245 2485 -
276 2462 403 2504 neque
435 2465 462 2492 (ι
486 2466 547 2492 me
577 2467 741 2494 carmen
765 2456 890 2506 petite
922 2456 1147 2495 altisonum.
1197 2454 1276 2495 Alii
1302 2453 1516 2493 moliantur
1539 2453 1723 2506 grandia.

195 2525 313 2565 Ccmit
342 2524 459 2563 etiam
487 2526 553 2564 vir
580 2538 726 2577 aquam
760 2525 954 2565 hauriens
984 2523 1125 2576 ἱμαῖον
1146 2526 1401 2565 cantilenam.
1460 2525 1621 2565 Invidos
1640 2537 1723 2566 non

192 2609 343 2648 moror,
377 2597 440 2648 qui
472 2607 535 2635 ine
559 2596 861 2645 calumniantur,
890 2596 998 2647 quod
1019 2596 1169 2634 nullum
1197 2596 1425 2636 continuum
1449 2608 1597 2648 poema
1619 2609 1725 2649 per-

192 2669 359 2720 fecerim
388 2667 473 2717 (vel
504 2667 592 2716 sic,
625 2668 851 2720 superbiori
889 2667 1186 2706 conversione:
1221 2666 1301 2707 Sed
1341 2671 1475 2708 tamen
1519 2670 1585 2721 qui
1627 2669 1723 2710 mihi

195 2740 414 2790 obiiciunt,
447 2738 554 2790 quod
581 2738 731 2777 necllum
760 2737 989 2776 continuum
1023 2747 1172 2787 poema
1207 2736 1476 2789 perfecerim,
1519 2750 1612 2779 mox
1649 2751 1722 2779 ar-

193 2817 365 2865 guentur
396 2810 635 2860 mendacii).
692 2809 817 2850 invidi
851 2810 930 2861 isti,
964 2809 1239 2849 inconstantes
1275 2822 1323 2850 ac
1357 2810 1490 2864 fragili
1519 2811 1596 2852 fide
1617 2843 1628 2863 ,
1658 2812 1726 2863 qui
