1856 3126
750 132 1052 169 ——209—

134 247 272 296 βασιν.
332 246 413 285 Etsi
446 246 524 285 hoc
553 245 712 297 quidem
744 260 884 296 muno,
917 250 1021 300 quod
1056 251 1206 298 seiam,
1241 250 1388 289 diserte
1423 250 1552 290 tradit.
1611 251 1663 290 At

135 321 264 356 tamen
297 318 512 357 Pausanias
555 317 659 357 haud
703 320 822 359 dubie
870 322 972 360 illam
1019 323 1141 373 ipsam
1184 322 1393 361 Strabonis
1432 320 1662 373 κατάβασιν

133 389 355 441 significat,
387 389 453 427 ubi
484 393 693 440 postquam
727 389 775 429 de
811 391 1127 431 celebratissimo
1160 393 1516 432 llermioncnsiluis
1557 392 1662 431 cultu

134 461 294 500 Cereris
328 460 546 499 Chthoniae
580 460 797 511 disseruit,
828 463 872 501 11.
906 463 974 512 35,
1012 464 1071 502 10.
1110 464 1161 504 ita
1202 465 1362 503 scribit:
1404 458 1580 502 ὄπισθεν
1617 465 1662 503 οὲ

131 534 208 572 τοῦ
238 533 342 572 ναοῦ
384 533 454 583 τῆς
485 531 676 578 λ’θονιάς
707 535 847 585 χωριά
882 532 991 573 ἐστίν
1032 529 1060 572 ἂ
1105 537 1307 575 καλοῦσιν
1339 533 1576 585 ‘Effluet-{fg
1617 535 1661 575 zo

132 604 210 654 μὲν
244 603 500 654 Κλυμένου,
526 599 585 640 ’τὸ
622 602 667 641 ds
699 601 979 653 Πλούτωνος,
1010 600 1053 641 τὸ
1086 606 1219 654 τρίτον
1263 605 1307 644 δὲ
1348 605 1488 646 αι’τιόν
1519 607 1665 659 λίμνην

135 673 433 726 Ἀχερουσιάν.
471 673 753 725 περιείργεται
789 675 868 724 μὲν
900 671 949 726 δὴ
976 671 1109 713 πάντα
1139 676 1327 726 θριγκοῖς
1357 676 1512 728 λίθων,
1546 679 1589 716 ἐν
1618 678 1663 716 δὲ

133 747 192 800 τῷ
223 745 452 794 Κλυμένου
485 742 559 783 καί
584 747 659 797 γῆς
685 744 863 795 χάσμα·
904 741 972 784 διὰ
1003 743 1153 785 τούτου
1202 746 1245 784 δὲ
1281 743 1493 800 (ΙῑῙρακλιῖς
1539 749 1664 802 ἀνῆγε

134 812 387 856 τοῦῬΙιδου
429 814 500 855 τὸν
536 812 641 854 κύνα
685 813 788 855 κατὰ
829 812 878 855 τὰ
922 814 1124 868 λεγόμενα
1166 815 1248 856 ’ὑπὸ
1275 817 1545 870 ζΕριιιιοιίεἰον.
1606 821 1660 858 lbi

133 887 414 938 Proserpinam
449 898 607 937 quoquc
638 891 788 938 raptam
824 899 930 937 esse,
960 888 1044 927 sive
1073 889 1271 940 peridem
1303 889 1451 940 χάσμα
1483 892 1567 929 sive
1591 903 1663 942 per

134 960 306 999 vicinum
338 958 470 1008 aliud,
501 959 573 998 sed
605 958 709 998 nulla
742 970 909 1009 caussa,
942 971 1012 999 cur
1043 971 1123 999 non
1155 972 1226 1012 per
1257 960 1385 999 idem:
1420 966 1487 1000 aut
1517 962 1661 1000 oblitus

135 1035 197 1070 cst
227 1030 362 1069 dicere
392 1031 631 1079 Pausanias,
664 1035 730 1069 aut
761 1031 1015 1070 divinandum
1045 1031 1263 1072 lectoribus
1305 1033 1476 1084 reliquit.
1537 1037 1661 1080 Quem

136 1103 240 1142 idem
273 1102 402 1154 paullo
433 1107 543 1153 post,
584 1103 766 1142 absoluta
812 1104 1041 1143 narratione
1087 1115 1188 1156 quae
1238 1109 1299 1144 est
1340 1104 1388 1143 de
1432 1105 1663 1154 110111110110,

134 1175 296 1224 llalice,
326 1175 479 1224 Asine,
513 1173 557 1213 ll.
590 1174 658 1225 36,
689 1174 726 1214 7.
776 1174 1016 1214 descensum
1058 1181 1368 1226 commemorat,
1412 1177 1512 1228 apud
1560 1179 1660 1216 Xst'-

132 1244 300 1299 μαρρου
330 1246 502 1294 fluvium,
531 1257 655 1297 prope
685 1246 870 1295 Lernam,
902 1259 974 1299 pcr
1003 1260 1118 1299 quem
1148 1248 1256 1288 Pluto
1288 1248 1543 1287 descenderit
1574 1260 1661 1286 cnm

133 1317 387 1368 Proserpina,
420 1318 537 1356 nimis
568 1323 745 1357 remotus
775 1319 823 1357 ab
852 1319 1211 1359 Herinionensibus
1235 1325 1308 1370 est,
1341 1333 1455 1371 quam
1487 1325 1527 1358 ut
1561 1332 1664 1358 con-

133 1389 260 1428 ciliari
294 1389 686 1450 cuinflisputatione
715 1390 922 1430 Strabonis
954 1396 1083 1442 queat.
1142 1391 1203 1430 Ex
1231 1391 1292 1431 his
1325 1392 1432 1444 quod
1469 1392 1659 1430 discimus

131 1462 411 1514 gravissinuun
443 1468 518 1513 est,
552 1462 600 1502 de
633 1475 712 1502 una
747 1463 967 1515 cademque
997 1465 1228 1514 καταβάσει
1261 1466 1326 1517 agi
1359 1464 1459 1516 apud
1493 1464 1663 1504 Strabo-

131 1545 221 1573 nem
250 1533 274 1573 l.
304 1534 329 1573 l.
363 1538 401 1573 et
432 1535 472 1573 in
509 1534 738 1574 Callimachi
770 1535 925 1586 Fragm.
959 1534 1039 1574 CX.
1098 1536 1264 1576 Scilicet
1299 1536 1520 1575 descensus
1551 1535 1662 1574 suere

132 1606 258 1656 multi,
289 1609 328 1644 et
360 1605 481 1656 multi,
513 1618 586 1657 per
616 1618 717 1658 quos
746 1610 858 1657 rapta
891 1605 1152 1646 descendisse
1175 1608 1411 1659 Proserpina
1438 1608 1659 1646 serebatur:

134 1683 174 1718 at
206 1679 490 1718 immunitatem
520 1678 688 1728 portorii
725 1678 839 1717 istam
870 1678 937 1717 uni
969 1682 1117 1717 tantum
1148 1679 1236 1718 urbi
1267 1690 1503 1718 concessam
1532 1679 1662 1730 ‚luisse

135 1750 285 1790 diserte
318 1749 437 1789 docet
481 1749 621 1788 doctus
655 1754 772 1800 poeta
806 1748 895 1799 ille,
934 1748 1070 1805 μούνῃ
1102 1751 1165 1790 ἐνί
1193 1753 1400 1790 πτολίωνε
1434 1763 1550 1802 quam
1591 1764 1662 1790 ur-

134 1821 252 1870 bem,
286 1833 403 1873 quum
441 1821 583 1862 Strabo
628 1821 911 1860 inununitatem
954 1833 1042 1860 eam
1087 1820 1137 1860 de
1183 1821 1400 1861 Hermione
1440 1823 1661 1874 praedicet,

134 1894 238 1933 hane
270 1894 393 1945 ipsam
424 1904 515 1933 esse
545 1892 798 1944 Hermionen,
835 1894 868 1933 si
899 1905 980 1932 non
1010 1898 1160 1933 certum
1193 1899 1311 1945 atque
1344 1896 1603 1946 exploratum,
1624 1899 1664 1933 at

136 1977 252 2016 quam
294 1966 465 2004 maxime
508 1964 714 2016 probabile
762 1969 835 2004 est.
895 1966 1043 2016 Scripsi
1076 1965 1153 2004 hoc
1185 1967 1355 2005 maxime
1391 1971 1552 2018 propter
1583 1967 1664 2005 Ca-

138 2036 374 2086 saubonum,
403 2038 468 2088 qui
500 2037 786 2075 immunitatem
816 2037 918 2075 illam
954 2049 1201 2076 communem
1233 2038 1355 2086 locis,
1384 2039 1452 2077 ubi
1483 2039 1664 2089 καιάβα-

135 2123 201 2155 σις
228 2120 319 2148 esse
349 2103 453 2163 ᾅδου
486 2109 714 2156 dicebatur,
749 2110 931 2148 omnibus
965 2109 1087 2148 fuisse
1121 2110 1338 2162 significat,
1372 2110 1495 2149 Lectt.
1527 2111 1664 2148 Theo-

136 2182 223 2220 crit.
258 2193 342 2232 cap.
374 2181 436 2219 IV.
470 2180 518 2219 ad
550 2181 733 2220 Strabon.
770 2181 795 2219 l.
827 2181 850 2219 l.
922 2181 1005 2220 Etsi
1039 2181 1117 2220 hoc
1150 2182 1234 2233 ipse
1268 2194 1425 2234 quoque
1465 2183 1502 2220 in
1535 2182 1658 2221 Lcctt.

137 2252 335 2292 Theocrit.
366 2253 514 2292 diserte
545 2253 695 2302 statuit,
727 2252 776 2290 de
804 2251 1021 2290 Hermione
1051 2253 1161 2303 loqui
1194 2252 1489 2291 Callimachum.
1550 2253 1662 2292 Nunc

138 2323 360 2363 audiendus
390 2323 533 2364 Suidas
564 2328 647 2371 est,
679 2323 744 2374 qui
774 2335 892 2362 unum
927 2321 1154 2373 praeclare,
1187 2327 1305 2374 atque
1337 2335 1388 2361 ex
1420 2324 1505 2374 ipso
1541 2325 1664 2363 Calli-

137 2396 281 2437 macho
305 2395 437 2445 docet,
469 2395 632 2434 alterum
657 2392 832 2441 difficile,
863 2397 1113 2444 suspectum:
1146 2393 1419 2446 Πορθμὴϊον·
1455 2392 1474 2432 ὁ
1506 2392 1663 2444 μισθὸς

138 2469 214 2508 τοῦ
243 2466 413 2508 ναύτου.
476 2468 779 2518 Καλλίμαχος·
821 2459 993 2506 τοῦνεκα
1028 2467 1100 2505 καί
1132 2468 1270 2509 νέκυες
1301 2464 1539 2516 πορθμήϊον
1574 2462 1665 2506 οὔτι

140 2541 362 2593 φέρονται.
415 2532 481 2576 Ἐν
519 2538 715 2594 Αἰγιαλῷ
747 2537 829 2590 γάρ
879 2537 1136 2590 καταβάσιόν
1180 2539 1295 2577 ἐστιν
1337 2534 1443 2592 ᾅδου
1483 2539 1568 2585 (vel
1605 2538 1664 2586 εἰς

138 2605 269 2666 ᾄδουε
305 2609 356 2649 cf.
385 2608 589 2650 Schaeser.
622 2609 672 2649 ad
701 2609 834 2650 Schol.
866 2610 995 2662 Apoll.
1029 2609 1154 2649 Rbod.
1188 2621 1222 2660 p.
1251 2610 1377 2657 1850,
1408 2610 1450 2656 ἐς
1479 2604 1501 2647 ὃ
1532 2609 1663 2648 ἄπελ-

139 2682 279 2722 &offoca
310 2679 332 2734 ἦ
363 2678 566 2733 Δημήτηρ
602 2678 737 2730 ἔμαθε
771 2680 887 2732 παρὰ
915 2681 996 2720 τῶν
1025 2679 1244 2731 περιοίκων
1274 2677 1373 2730 περὶ
1400 2679 1471 2730 τῆς
1503 2678 1662 2731 Κόρης,

142 2754 213 2792 καί
238 2750 480 2804 ἐδωρήσατο
504 2752 662 2800 αὐτοῖς,
692 2750 748 2799 ὥς
778 2752 900 2804 λέγει,
931 2746 1084 2805 ἄφεσιν
1110 2752 1183 2789 τοῦ
1216 2750 1468 2802 πορθμηΐου.
1528 2750 1571 2790 111
1598 2750 1660 2791 his

143 2823 246 2874 quod
281 2822 529 2875 praeclarum
572 2822 678 2872 dixi,
714 2826 914 2874 postrema
955 2825 1064 2871 sunt,
1113 2821 1162 2859 de
1205 2831 1347 2859 caussa
1394 2820 1660 2862 immunitatis.

238 2906 363 2938 Navi-52·
388 2905 507 2950 opusc.
535 2904 577 2937 11.
1351 2894 1399 2931 14
