1856 3126
761 122 1043 158 ..66-

149 242 402 287 tractaverat,
427 237 552 276 altero
575 237 872 290 perstringebat
904 238 1045 278 obiter.
1105 238 1151 277 Ut
1170 236 1362 277 Molorchi
1385 234 1552 276 historia
1583 233 1670 274 for·

139 316 247 351 tasse
281 307 433 349 Λῖτιον
466 307 537 348 suit
565 307 641 346 hac
675 309 932 360 quaestione:
972 308 1132 360 quando
1168 312 1205 346 et
1246 320 1326 359 qua
1356 305 1571 347 occasione
1607 304 1676 344 in—

140 382 280 421 sticum
309 378 459 418 Nemea
489 379 642 431 fuerint
661 411 671 430 ‚
710 380 774 419 vel
817 392 891 419 cur
928 380 970 418 in
1001 379 1160 420 Nemeis
1194 380 1369 419 victores
1402 378 1472 418 tali
1500 377 1676 430 quadam

143 464 295 492 comma
328 456 585 490 coronentur.
643 451 850 491 Nullamne
880 453 1004 505 igitur
1033 450 1299 491 Callimachus
1337 451 1497 491 alterius
1525 461 1674 489 narra-

139 525 282 572 tionis,
315 523 443 575 magis
475 522 705 562 celebratae
738 523 975 575 antiquitus,
1009 523 1058 561 de
1094 523 1282 562 institutis
1321 526 1482 574 propter
1511 521 1673 561 Arche-

136 607 288 636 morum
319 595 501 645 Ncmeis,
531 594 775 634 mentionem
806 595 933 634 secit‘?
991 594 1162 644 Nullam,
1192 598 1300 646 puto.
1361 594 1478 633 Certe
1519 593 1671 632 secisse

139 667 423 707 Callimachum
456 678 539 705 non
569 670 727 705 constat
762 666 1012 705 testimoniis.
1072 665 1154 705 Nisi
1184 670 1348 717 peraeta
1377 665 1574 705 Molorchi
1604 664 1672 704 hi—

136 740 293 790 storia,
326 743 520 778 renovata
556 738 619 777 illa
660 738 783 777 altera
815 737 1035 777 occasione
1064 737 1213 778 Nemea
1250 749 1341 777 esse
1382 737 1513 776 obiter
1552 735 1671 775 adie-

138 815 261 862 cerit,
293 809 625 863 quemadmodum
659 810 797 850 adiicit
826 809 992 860 Probus,
1024 809 1087 849 vel
1118 809 1267 861 aliquid
1299 821 1347 848 ca
1380 809 1600 848 occasione
1631 808 1674 847 in

134 884 295 926 Nemeis
326 887 514 923 novatum
544 893 650 921 esse.
711 881 798 929 Quo
830 882 1060 921 testimonio
1099 881 1282 933 Scaliger
1326 880 1376 919 ad
1419 880 1595 931 Propert.
1625 878 1673 918 Π.

135 955 202 996 34.
234 956 322 1005 (25.
357 954 420 994 ed.
449 953 577 1003 Scal.)
609 952 819 1005 probabat,
854 952 1137 992 Callimachum
1170 951 1322 991 Nemea
1354 952 1408 991 ad
1435 949 1678 990 Archemori

139 1027 335 1079 exequias
365 1030 562 1066 tractasse
592 1025 631 1064 in
660 1025 803 1074 Aetiis,
835 1024 960 1075 ipsius
988 1023 1194 1075 Propertii,
1216 1023 1256 1062 id
1287 1023 1554 1062 testimonium
1584 1021 1676 1062 nul-

137 1099 215 1139 lum
248 1102 330 1147 cst,
367 1098 400 1136 si
432 1095 592 1149 quidem
623 1094 877 1146 Propertius,
914 1098 954 1132 ut
984 1098 1162 1145 apertum
1205 1097 1293 1144 est,
1325 1107 1363 1134 v.
1386 1093 1453 1134 37.
1477 1105 1563 1146 sqq.
1594 1105 1677 1133 non

136 1171 303 1211 Αἰτίων
341 1171 598 1220 argumenta,
640 1165 713 1205 sed
754 1164 982 1204 Thebaidos
1026 1165 1191 1204 alicuius
1231 1168 1508 1217 argumentum
1557 1168 1677 1217 atque

140 1243 353 1294 imaginem
386 1239 592 1279 describit.
661 1238 813 1277 Rursus
843 1236 1037 1277 Molorchi
1083 1238 1122 1276 in
1151 1237 1302 1277 Hecale
1335 1238 1483 1277 mentio
1517 1236 1551 1277 si
1593 1248 1678 1277 non

140 1317 245 1355 facta
276 1318 351 1364 est,
386 1316 496 1351 certe
529 1310 654 1363 potuit
687 1310 771 1349 ficri
802 1310 944 1349 obiter.
1014 1309 1097 1348 Etsi
1137 1321 1211 1360 pro
1252 1314 1362 1349 certo
1407 1309 1485 1349 hoc
1525 1312 1676 1349 tantum

140 1387 346 1432 dabimus,
379 1384 636 1422 obversatum
665 1380 912 1420 Molorchum
945 1379 1188 1420 Callimacho
1222 1392 1315 1420 esse
1353 1381 1531 1421 Hecalen
1567 1381 1676 1421 scri-

139 1457 261 1496 benti.
324 1456 380 1494 De
401 1454 528 1493 Aetiis
562 1453 839 1505 quaestionem
869 1463 975 1490 nunc
1007 1463 1054 1491 ea
1086 1451 1136 1490 de
1168 1463 1309 1491 caussa
1341 1453 1470 1505 attigi,
1499 1457 1540 1492 ut
1560 1463 1680 1492 mon-

143 1533 291 1578 strem,
320 1526 476 1566 fabulas
509 1524 715 1564 inserendi
749 1524 798 1564 ad
830 1524 1003 1563 Minoem
1043 1527 1273 1576 spectantes
1308 1525 1565 1564 occasionem
1597 1535 1678 1563 non

140 1613 259 1641 unam
304 1600 429 1639 fuisse
473 1598 512 1637 in
555 1597 697 1636 Aetiis.
775 1596 870 1635 Eius
918 1595 1051 1647 operis
1093 1599 1370 1648 argumentum
1412 1595 1679 1648 ambitumque

144 1685 261 1725 quum
291 1683 408 1722 supra
443 1668 602 1708 modum
640 1667 821 1706 auxisset
851 1671 967 1718 atque
998 1666 1248 1706 extendisset
1268 1666 1483 1707 Salmasius
1500 1667 1678 1708 Exercit.

142 1746 238 1785 Plin.
276 1755 315 1795 p.
351 1741 445 1782 601.
479 1741 516 1779 b.
550 1739 594 1779 G.
637 1739 703 1791 qui
743 1737 978 1790 fabularum
1018 1738 1192 1777 omnium
1233 1737 1410 1790 origines
1448 1742 1487 1778 et
1529 1751 1680 1779 causas

141 1817 380 1870 exposuisse
409 1813 615 1853 Aetiorum
650 1821 774 1862 opere
806 1808 1088 1848 Callimachum
1118 1809 1280 1861 scribit,
1323 1815 1364 1850 et
1400 1823 1538 1852 rursus
1571 1811 1678 1852 idem

143 1901 244 1941 opus
276 1898 392 1939 quum
425 1884 567 1924 finibus
602 1883 707 1921 iusto
737 1880 979 1920 arctioribus
1019 1881 1404 1934 circumscripsisset
1440 1883 1679 1936 Salvagnius

145 1960 195 2000 ad
226 1959 360 1999 Ovidii
404 1957 489 1996 lbin
527 1969 564 1995 v.
597 1955 662 1994 57.
709 1955 773 2005 qui
818 1953 912 1992 dicit
955 1964 1003 1991 co
1047 1955 1273 2004 poematio‚
1317 1967 1408 1994 nam
1446 1956 1678 2008 poematiOn

146 2036 280 2081 vocat,
313 2029 594 2070 Callimachum
634 2026 883 2078 complexum
917 2038 1007 2065 esse
1046 2038 1261 2067 sacrorum
1294 2029 1398 2068 ritus
1435 2033 1473 2068 et
1514 2041 1676 2081 causas,

147 2103 443 2156 sapientissime
472 2099 796 2141 Hemsterhusius
830 2099 879 2137 ad
910 2099 1088 2151 Propert.
1127 2112 1163 2151 p.
1197 2100 1289 2140 950.
1322 2100 1415 2140 951.
1450 2100 1519 2140 ubi
1557 2102 1676 2141 etiam

147 2177 196 2216 de
226 2175 392 2228 ingenio
424 2173 557 2224 operis
587 2171 734 2224 aliquid
764 2173 803 2212 in
833 2172 1063 2211 universum
1092 2176 1251 2223 monet,
1281 2177 1393 2212 recte
1425 2172 1490 2212 ille
1520 2185 1677 2226 negans

147 2259 350 2288 morosum
382 2251 498 2297 atque
531 2245 744 2284 obscurum
776 2256 874 2295 opus
904 2245 1020 2284 Aetia
1052 2244 1188 2293 fuisse,
1218 2246 1270 2284 ita
1306 2244 1503 2287 breviter:
1532 2245 1574 2284 in
1608 2246 1677 2285 illo

145 2320 349 2369 Poe'mate,
378 2317 447 2356 uba·
485 2316 665 2355 Veterum
691 2315 925 2367 fabularum
953 2327 1185 2366 viarumque
1206 2315 1385 2355 rationes
1415 2315 1679 2367 exponeban-

148 2374 226 2432 tur.
287 2392 350 2432 cui
397 2389 616 2429 definitioni
669 2390 733 2440 qui
780 2400 867 2428 cum
912 2389 1149 2428 Buttmanno
1193 2388 1243 2427 de
1284 2388 1459 2440 Cydippe
1501 2401 1539 2441 p.
1585 2389 1677 2430 149.

146 2462 309 2514 Mythol.
341 2462 387 2502 ll.
419 2473 557 2500 rerum
588 2460 842 2511 qucmemlcem
874 2460 1122 2499 ”camaliam
1155 2470 1327 2498 caussas
1356 2458 1567 2511 addiderit,
1598 2460 1678 2501 ha-

147 2533 257 2572 bebit
288 2534 374 2572 fere
404 2533 532 2585 capita
563 2532 649 2571 sive
679 2543 852 2584 genera,
890 2532 962 2571 sub
992 2544 1093 2584 quae
1134 2536 1302 2571 revocet
1334 2531 1563 2572 Callimachi
1592 2532 1680 2572 Ae-

149 2606 291 2644 tiorum
325 2605 549 2657 fragmenta
583 2608 662 2643 tum
693 2615 762 2653 ea,
791 2615 892 2655 quae
924 2605 961 2642 in
990 2603 1117 2643 Aeliis
1151 2603 1273 2643 fuisse
1307 2603 1454 2643 diserte
1484 2608 1680 2644 testantur

148 2677 412 2730 grammatici,
445 2681 522 2715 tum
553 2676 629 2715 alia
660 2686 738 2714 non
766 2687 906 2727 pauca,
938 2687 1039 2726 quae
1075 2676 1112 2714 in
1147 2687 1244 2727 opus
1276 2675 1371 2715 illud
1400 2675 1551 2714 indicio
1579 2675 1678 2715 satis

148 2751 260 2787 certo
292 2748 474 2798 recipias
535 2751 627 2796 Sic,
658 2753 698 2788 ut
728 2760 845 2787 umim
870 2749 1007 2787 *statim
1042 2748 1267 2800 proferam,
1309 2746 1415 2799 quod
1462 2751 1584 2786 totum
1617 2752 1679 2788 est

148 2818 189 2858 in
221 2818 452 2857 coniectura
487 2819 683 2869 positum,
715 2830 817 2870 quae
851 2823 985 2858 narrat
1008 2818 1279 2870 Apollodorus
1310 2819 1373 2859 111.
1408 2818 1472 2871 15,
1505 2818 1544 2858 7.
1574 2822 1675 2860 extr.
