1856 3126
808 116 1081 154 —42-

190 238 347 285 autem,
397 233 483 284 quis
533 233 682 283 primus
732 231 1059 274 animadverterit
1117 231 1340 273 Luciferum
1398 233 1438 270 et
1485 228 1704 281 Hesperum

188 306 359 346 eundem
389 314 508 355 esse,
539 315 655 356 quum
686 303 927 357 disceptetur
957 317 980 345 a
1008 304 1232 354 veteribus,
1271 314 1320 342 ea
1363 302 1542 342 inventio
1573 305 1703 341 utrum

187 377 461 430 Pythagorae,
491 386 592 426 quac
621 375 791 416 fortasse
818 376 1016 429 plerisque
1048 375 1266 417 eommunis
1296 374 1494 414 sententia
1527 374 1620 425 suit,
1650 385 1702 414 an

187 447 409 488 Parmenidi
450 447 659 487 tribuenda
691 453 822 499 esset,
854 450 938 489 noti
980 452 1070 488 sunt
1099 447 1293 500 Diogenis
1335 445 1482 485 Laertii
1523 444 1627 494 loci,
1663 445 1703 484 in

187 519 430 572 Pythagora,
462 518 558 558 V111.
594 519 655 559 14.
689 521 729 560 in
759 520 1014 568 Parmenide,
1044 519 1112 559 IX.
1140 519 1206 561 23.
1241 517 1331 557 coll.
1361 515 1470 557 Suid.
1500 528 1538 554 v.
1571 519 1704 568 Παρ-

187 593 368 644 μενίδης.
425 591 498 632 Ubi
528 604 630 644 quae
671 592 773 633 male
812 592 931 632 habet
961 592 1154 645 Diogenis
1187 602 1325 631 secum
1356 590 1443 642 ipso
1485 588 1703 638 dissensio,

188 674 277 702 cam
307 675 412 702 nunc
451 663 605 703 sustulit
647 663 800 704 iuvenis
839 664 1143 717 integerrimus,
1183 666 1434 715 praematura
1471 665 1600 701 morte
1641 661 1704 700 his

186 733 348 786 litteris,
381 747 479 787 quas
512 748 599 776 cum
629 736 747 776 multa
777 736 953 777 sollertia
983 736 1200 785 tractabat,
1230 739 1404 786 ereptuS,
1432 733 1480 774 H.
1513 733 1558 774 G.
1590 732 1705 773 Hab-

188 818 332 856 nerus,
367 811 527 859 recepta
566 807 690 859 priori
727 807 820 848 loco
850 809 1130 848 emendatione
1163 806 1414 847 Casauboni:
1445 801 1483 845 οἱ
1519 806 1565 847 δέ
1595 821 1704 860 φασι

187 878 468 933 Παρμενίδην
507 891 578 931 pro
609 880 715 933 vulg.
757 874 814 927 ὥς
853 895 958 934 φησι
986 879 1275 932 Παρμενίδης.
1349 878 1537 918 Fortasse
1578 881 1702 916 recte.

188 950 268 991 Sed
311 951 417 1003 quod
448 952 551 992 idem
587 953 627 992 in
659 954 884 1005 posteriore
918 953 1008 993 loeo
1043 953 1166 992 verba
1197 953 1473 1002 Καλλίμαχος
1513 951 1559 990 δέ
1602 963 1707 1004 φησι

188 1019 245 1075 μιν)
277 1018 380 1062 εἶναι
415 1024 548 1063 αιῖτοῦ
575 1024 620 1065 τὸ
654 1026 813 1077 ποίημα
843 1024 893 1063 de
919 1024 1157 1076 Pythagora,
1191 1035 1292 1075 quae
1325 1024 1442 1061 etiam
1462 1020 1705 1061 Fultebornii

189 1094 229 1132 in
258 1094 506 1146 Fragmentis
537 1094 780 1134 Parmenidis
816 1106 852 1146 p.
882 1094 946 1133 26.
977 1095 1111 1146 opinio
1143 1098 1225 1144 est,
1269 1093 1361 1132 mihi
1402 1093 1552 1132 rectius
1582 1093 1707 1132 Bent—

189 1165 288 1205 leius
317 1167 358 1206 in
393 1165 642 1218 Fragmentis
673 1165 821 1205 Callim.
853 1177 889 1217 p.
916 1166 1010 1205 471.
1041 1164 1103 1204 ed.
1133 1165 1226 1204 Ern.
1259 1164 1308 1204 de
1349 1165 1523 1204 carmine
1555 1163 1703 1216 aliquo,

190 1237 296 1289 quod
324 1237 539 1290 genuinum
569 1248 661 1276 esse
689 1236 953 1277 Callimachus
984 1237 1215 1289 negaverit,
1249 1236 1491 1277 Parmenidis
1524 1237 1705 1290 cogitare

189 1309 358 1349 videtur.
419 1309 508 1350 Non
534 1309 817 1362 negligendum
850 1308 955 1348 hanc
986 1309 1026 1348 in
1068 1309 1342 1361 quaestionem
1373 1309 1618 1350 Parmenidis
1655 1321 1707 1350 ex

189 1382 366 1423 Stobaeo
394 1381 678 1435 fragmentum,
710 1380 934 1421 Fiilleborn.
970 1393 1005 1433 p.
1043 1381 1133 1421 101.
1451 1380 1458 1388 ¹

303 1455 345 1494 ln
374 1454 613 1507 Fragmento
648 1453 804 1493 XLVIII
823 1453 863 1493 '⁷⁵2
904 1453 947 1493 οἳ
987 1468 1035 1492 νυ
1083 1449 1153 1492 καὶ
1187 1449 1434 1493 Ἀπόλλωνα
1474 1453 1707 1506 παναρκὲος

189 1525 368 1566 Ἠελίοιο
400 1530 475 1565 etc.
508 1525 559 1565 ad
594 1526 789 1565 excitatos
821 1537 843 1564 a
874 1523 1053 1564 Bentleio
1086 1527 1234 1572 testes,
1269 1522 1518 1563 Scholiasten
1548 1524 1707 1565 Pindari

124 1622 129 1623 ν
190 1596 302 1637 Nem.
332 1597 359 1637 1.
396 1598 437 1637 3.
467 1602 506 1637 et
536 1597 695 1639 Suidam
723 1610 760 1637 v.
783 1596 1046 1648 Παναρκέος,
1077 1594 1333 1635 Ruhnkcnius
1355 1595 1477 1648 Epist.
1496 1596 1706 1637 Tittmann.

192 1681 228 1721 p.
265 1669 353 1710 101.
386 1669 547 1711 Suidam
590 1681 626 1709 v.
668 1667 940 1721 Ἀρίσταρχος
980 1666 1216 1720 Τεγεάτης,
1262 1671 1302 1706 et
1342 1667 1438 1708 felix
1471 1669 1711 1710 recentioris

193 1742 334 1781 aetatis
365 1741 405 1781 in
435 1741 622 1781 eruendis
653 1740 999 1794 grammaticorum
1027 1739 1206 1791 reliquiis
1237 1738 1430 1779 industria
1457 1740 1708 1792 praeclarum

194 1818 356 1864 testem,
385 1813 637 1866 Apollonium
672 1811 767 1864 περὶ
795 1808 1094 1865 ἐηιῤῥη,ιιὰτων
1127 1823 1188 1863 ap.
1217 1811 1323 1852 Bast.
1355 1811 1408 1852 ad
1441 1812 1561 1866 Greg.
1597 1813 1640 1853 C.
1670 1824 1709 1865 p.

192 1887 287 1927 332.
320 1887 361 1927 in
380 1885 552 1927 Bekkeri
581 1884 803 1926 Anecdotis
824 1884 870 1924 ΙΙ.
899 1896 936 1936 p.
967 1883 1115 1934 549,1.
1151 1883 1246 1933 573,
1265 1884 1303 1924 3.
1334 1888 1414 1924 tum
1444 1885 1561 1925 etiam
1588 1884 1712 1925 Ioan-

193 1971 286 2000 nem
310 1958 424 2000 Alex.
453 1973 536 2000 τον.
565 1972 744 2009 παραγγ.
764 1969 800 2009 p.
820 1956 889 2007 37,
910 1956 948 1995 7.
970 1956 1134 1996 addidit.
1191 1956 1392 1997 Bentleius
1421 1956 1579 2010 quidem
1605 1956 1712 2010 quod

194 2031 314 2085 vulgo
348 2043 409 2084 ap.
442 2029 574 2071 Schol.
605 2029 762 2068 Pindari
793 2028 952 2080 legitur,
981 2031 1138 2078 χωρίον
1168 2026 1474 2080 διατμήγουοι,
1504 2027 1591 2068 sola
1609 2027 1710 2080 Ety-

194 2102 344 2156 mologi
373 2113 409 2154 p.
443 2100 537 2150 607,
568 2100 634 2139 23.
667 2099 738 2153 (ef.
775 2099 942 2139 Gudian.
974 2110 1008 2150 p.
1037 2095 1133 2150 4216,
1165 2099 1251 2148 20.)
1283 2103 1322 2138 et
1347 2099 1554 2150 Eustathii,
1584 2099 1711 2139 tribus

195 2176 320 2225 locis,
354 2174 613 2223 auctoritate,
657 2171 837 2211 adverbii
875 2173 1007 2223 χωρίς
1051 2170 1167 2210 etiam
1211 2171 1316 2212 hanc
1345 2171 1540 2222 formam,
1582 2170 1709 2223 χῶρι,

197 2248 602 2296 commemorantium,
631 2246 799 2285 feliciter
826 2244 1109 2285 emendaverat
1126 2246 1238 2299 χῶρι
1261 2242 1552 2296 διατμήγουσι.
1593 2243 1709 2284 Nunc

196 2323 314 2375 plane
346 2320 424 2360 hoc
453 2321 599 2372 ipsum,
628 2318 740 2371 χῶρι
769 2314 1095 2370 ὃιατμήγουσιν,
1122 2328 1204 2357 non
1233 2316 1366 2356 addito
1393 2316 1554 2355 nomine
1586 2315 1709 2355 Calli-

197 2394 354 2443 machi,
383 2392 616 2445 Apollonius
653 2393 692 2429 et
721 2389 892 2429 Ioannes
923 2390 1129 2441 praebent.
1187 2388 1236 2429 Ut
1264 2392 1400 2428 tacere
1430 2388 1579 2439 possim
1614 2387 1710 2427 irri-

198 2471 277 2506 tum
312 2469 496 2505 conatum
523 2463 667 2503 Annae
698 2461 815 2501 Fabri
846 2473 883 2513 p.
913 2460 1006 2501 360.
1036 2460 1098 2500 ed.
1127 2460 1221 2500 Ern.
1252 2460 1341 2499 coll.
1361 2460 1515 2513 Fragm.
1538 2471 1560 2498 a
1580 2459 1713 2511 Span-

200 2538 334 2577 hemio
375 2536 528 2578 collect.
559 2547 597 2587 p.
632 2533 725 2575 388.
756 2534 820 2573 ed.
851 2533 945 2573 Ern.
984 2537 1023 2573 et
1061 2537 1245 2572 conatum
1273 2531 1495 2585 Scaligeri‚
1539 2531 1590 2571 de
1632 2541 1712 2583 quo

199 2610 441 2649 mentionem
469 2605 755 2647 Valckenarius
787 2604 910 2656 Epist.
947 2604 1152 2643 Tittmann.
1184 2614 1221 2655 p.
1252 2603 1317 2646 50.
1348 2602 1463 2650 sacit3
1496 2605 1535 2641 et
1573 2610 1710 2641 rursus

201 2682 318 2722 alium
349 2680 470 2732 ipsius
501 2678 752 2720 Valckenarii
782 2677 875 2717 ibid.
910 2680 1092 2716 conatum
1110 2706 1120 2725 ,
1159 2675 1417 2727 proponentis
1445 2667 1574 2725 Ὧρον
1602 2673 1711 2712 dno-

199 2750 416 2805 τμήγουσι,
445 2763 559 2802 quam
581 2751 645 2790 illc
676 2750 945 2791 coniecturam
974 2748 1090 2787 docte
1121 2751 1300 2798 exornat,
1326 2744 1542 2786 ostendens
1571 2754 1711 2782 exem-

199 2824 273 2877 plis
304 2822 474 2863 eundem
502 2834 594 2863 esse
620 2823 871 2876 Apollinem,
909 2822 1054 2862 llorum
1073 2852 1084 2873 ‚
1115 2820 1260 2862 Solem.
1319 2814 1461 2872 τμήγω
1501 2827 1709 2869 praesens,
