1856 3126
749 115 1024 153 ...76—

121 227 316 277 sufficiat,
350 227 586 279 interpretes
627 228 677 268 ad
707 229 950 281 Stephanum
989 231 1084 284 Byz.
1116 245 1153 273 v.
1184 231 1406 287 Αἶδηψοςε
1446 234 1570 274 fuisse
1611 236 1652 275 in

123 300 289 340 Euboea
322 298 417 337 l'crri
450 303 567 350 atque
608 301 713 341 aeris
743 303 925 354 metalla,
954 308 994 343 et
1022 309 1116 345 nota
1146 304 1270 345 fuisse
1301 304 1352 346 τα
1394 306 1651 360 ψυχρήλατα
1694 348 1697 349 ⁷

119 372 201 411 τῶν
232 370 366 423 ξιφῶν
394 369 572 410 fabricae
601 371 821 414 Euboicae.
881 375 1080 416 Laudatur
1112 377 1338 430 Aeschylus
1368 378 1522 430 Fragm.
1556 378 1649 419 360.

113 441 230 484 Dind,
262 439 403 491 λαβών
433 440 514 495 γαρ
547 441 808 498 αὐτόθηκτον
839 447 1052 498 Εὐβοικὸν
1082 449 1216 502 ξίφος.
1277 450 1359 489 Nos
1394 461 1498 489 nunc
1526 450 1651 489 Calli-

116 512 247 553 machi
277 524 326 552 ea
361 512 410 552 (le
440 525 484 553 re
515 514 660 562 locum,
692 517 741 556 ab
773 519 916 558 eodem
947 520 1149 571 Stephano
1183 534 1220 560 v.
1248 518 1449 575 Αἶδηψος
1478 533 1650 561 conser-

116 589 275 636 vatum,
305 585 592 635 tractabimus,
627 599 712 628 non
754 590 861 642 quod
898 591 1107 630 meliorem
1154 591 1372 632 habeamus
1415 592 1649 632 Bentleiana

117 657 456 708 emendationem,
489 657 563 697 scd
594 663 635 698 ut
662 672 899 713 caveamus,
931 674 983 702 ne
1015 664 1102 714 quis
1131 663 1234 703 sorte
1265 663 1370 704 hunc
1399 676 1557 716 quoque
1585 664 1651 704 lo-

117 740 206 768 cum
239 740 290 768 ex
319 728 467 768 Hecale
507 731 754 784 desumptum
788 745 878 773 esse
911 735 1147 786 suspicetur.
1214 735 1439 787 Stephanus
1480 737 1562 775 ita:
1595 759 1650 766 —

112 794 163 854 ἦν
193 801 239 841 δὲ
269 802 342 840 καί
368 802 525 853 σιδηρᾶ
554 803 626 843 καί
653 806 792 855 χαλκοῖ
819 806 1009 857 μέταλλα
1039 804 1143 846 κατὰ
1167 801 1364 858 Εὔβοιαν.
1428 808 1650 858 Καλλιῖιια·

112 886 219 924 χος·
264 873 393 913 δαιδα
426 873 468 913 ἐν
501 874 545 914 δὲ
572 874 749 926 λα’χαινε
779 878 856 927 μὲν
888 874 988 930 ἔργα
1030 876 1224 930 σιδήρου.
1284 875 1319 917 οἱ
1362 875 1440 931 γὰρ
1474 878 1652 930 Εὐβοεῖς

111 942 386 996 σιδηρουργοί
425 946 498 984 καί
530 949 702 997 χαλκεῖς
748 941 924 1000 ἄριστοι.
995 947 1300 1002 Ἐπαφρόδιτος
1341 950 1386 989 δὲ
1431 955 1650 1002 μαρτυρεῖ,

112 1014 203 1054 ἐκεῖ
228 1013 390 1067 χαλκὸν
419 1018 585 1068 πρῶτον
607 1016 850 1071 εὑρεθῆναι.
910 1021 982 1060 καί
1010 1020 1169 1071 πρῶτοι
1202 1020 1294 1060 ἐκεῖ
1317 1019 1477 1071 χαλκὸν
1505 1019 1652 1060 ἐνεδύ-

113 1100 239 1125 σαιιτο
269 1083 307 1125 οἱ
341 1083 572 1139 Κούρητες,
603 1092 678 1128 ete.
737 1089 982 1142 Reliquimus
1010 1091 1134 1131 verba
1156 1090 1385 1130 Callimachi
1416 1095 1457 1130 ut
1491 1091 1652 1131 exhibet

112 1156 317 1196 Bentleius
348 1158 503 1210 Fragm.
536 1160 678 1200 CCCV.
736 1161 938 1202 Bentleius
975 1164 1072 1202 satis
1104 1162 1389 1215 probabiliter:
1425 1162 1573 1202 δέδαεν
1605 1164 1651 1203 δὲ

113 1229 372 1278 λαχαινέμεν
407 1226 508 1280 ἔργα
539 1229 730 1284 σιδήρου.
792 1232 964 1284 δέδαεν,
1012 1234 1171 1286 docuit,
1211 1234 1274 1273 vel
1303 1234 1401 1286 scit,
1436 1234 1571 1286 callet,
1609 1238 1651 1274 ut

115 1295 321 1340 ὸεδαάσιν
353 1300 501 1341 Callim.
530 1300 571 1340 h.
601 1303 677 1355 Ap.
700 1303 766 1343 46.
800 1304 886 1344 scil.
916 1303 1095 1355 Euboea,
1122 1308 1164 1344 ut
1194 1309 1300 1356 puto.
1359 1305 1490 1356 Atque
1517 1304 1650 1344 habeo

114 1370 298 1422 Dionysii
326 1371 561 1425 Periegetae
588 1373 743 1427 locum,
774 1376 814 1414 in
843 1387 920 1427 quo
952 1376 1061 1416 iures
1091 1376 1323 1416 Callimachi
1341 1376 1538 1428 Dionysio
1571 1376 1650 1415 ob-

119 1443 275 1482 versari
312 1443 466 1496 verba,
507 1449 548 1484 ut
588 1451 678 1486 sunt
722 1459 744 1486 a
773 1448 953 1488 Bentleio
997 1450 1206 1498 restituta,
1245 1461 1282 1488 v.
1317 1447 1411 1488 769.
1450 1447 1649 1499 Chalybes

113 1514 297 1566 μογεροῦ
326 1513 659 1568 δεδαηκότες
690 1515 820 1571 ἔργα
851 1518 1104 1573 σιδήρουε
1139 1531 1261 1559 sensu
1278 1520 1458 1559 nonnihil
1473 1519 1649 1570 diverso,

115 1584 151 1623 si
181 1584 340 1636 quidem
373 1586 570 1638 Dionysio
612 1586 713 1642 ἔργα
752 1589 929 1644 σιδήρου
959 1593 1171 1633 manifesto
1221 1594 1497 1632 tractationem
1538 1592 1650 1642 ferri,

114 1654 295 1695 laborem
328 1658 394 1708 qui
425 1659 565 1709 partim
604 1661 644 1699 in
676 1662 934 1715 effodiendo,
965 1665 1106 1715 partim
1138 1666 1178 1704 in
1210 1665 1394 1705 cudendo
1429 1664 1538 1704 ferro
1573 1663 1647 1714 (cf,

119 1725 267 1768 Callim.
297 1728 359 1768 Fr.
392 1729 589 1781 CXXIX.)
636 1734 838 1785 cernitur,
877 1735 1100 1788 significat,
1145 1741 1185 1776 at
1227 1736 1332 1788 apud
1365 1735 1649 1776 Callimachum

115 1794 219 1850 ἔργα
245 1798 451 1852 σιδήρου,
483 1807 646 1855 propter
674 1807 953 1861 λαχαινέμεν,
987 1808 1229 1861 significabit
1258 1810 1382 1861 ipsum
1411 1809 1587 1858 ferrum,
1615 1818 1649 1849 S.

117 1869 245 1910 moles
275 1870 385 1923 ferri,
416 1885 465 1913 ea
495 1875 745 1929 circuitione,
775 1878 826 1918 de
857 1891 932 1930 qua
965 1879 1006 1919 C.
1039 1881 1275 1921 Rittershus.
1309 1882 1349 1920 in
1379 1880 1542 1932 Oppian.
1563 1878 1650 1918 Ha-

121 1940 230 1981 lieut.
258 1941 287 1986 I.
323 1944 414 1984 105.
447 1950 487 1985 et
515 1951 557 1986 ut
585 1960 704 1988 unum
736 1953 936 1990 nominem
969 1951 1018 1991 dc
1061 1952 1332 2001 doctiorith,
1362 1950 1650 1991 Valckenarius

120 2012 163 2052 in
193 2013 287 2053 Eur.
314 2014 465 2056 Phoon.
502 2018 594 2059 906.
652 2020 696 2060 In
723 2021 1009 2075 Rehdigcrano
1034 2029 1164 2064 tamen
1194 2029 1285 2076 post
1303 2025 1475 2064 δαιδαεν
1504 2024 1650 2063 lacuna

119 2089 194 2136 est,
217 2086 290 2136 sic,
321 2091 362 2126 ut
392 2091 597 2130 annotavit
624 2093 864 2134 Passovius:
898 2096 1034 2138 Καλλ.
1067 2097 1240 2136 δαιδαεν
1260 2128 1269 2138 .
1300 2126 1309 2135 .
1342 2095 1387 2136 δὲ
1417 2092 1514 2145 λάχ-
1560 2094 1647 2141 QUO

119 2156 360 2198 imminuitur
393 2160 523 2212 aliquo
558 2162 678 2202 modo
710 2175 811 2215 quae
841 2177 912 2217 per
943 2177 987 2205 se
1019 2167 1122 2205 inest
1151 2167 1191 2205 in
1216 2165 1383 2205 Bentleii
1414 2166 1649 2204 coniectura

121 2229 209 2268 veri
239 2230 471 2272 similitudo:
502 2238 544 2272 ut
573 2239 728 2275 taceam
759 2237 826 2276 vix
855 2237 1032 2291 intelligi,
1063 2249 1140 2289 quo
1170 2237 1337 2278 consilio
1360 2237 1460 2275 haec
1477 2234 1650 2287 Stepha-

121 2310 197 2339 nus
229 2302 353 2342 verba
385 2304 613 2346 Callimachi
642 2310 884 2360 apposuerit,
914 2311 954 2349 in
985 2310 1126 2363 quibus
1153 2321 1284 2361 neque
1310 2307 1488 2359 Aedepsi
1518 2316 1651 2361 neque

120 2370 287 2412 Euboea
317 2376 478 2415 mentio.
539 2378 671 2424 Quare
705 2379 939 2434 videndum,
972 2394 1023 2420 an
1054 2382 1196 2421 lacuna
1233 2382 1282 2421 sit
1314 2382 1351 2419 in
1383 2379 1517 2419 verbis
1548 2389 1651 2430 poe-

123 2445 211 2493 tae,
245 2444 345 2484 istae
376 2452 506 2487 autem
538 2448 695 2489 litterae
728 2452 819 2501 δατ,
847 2464 948 2504 quae
981 2458 1041 2493 est
1070 2455 1181 2505 prior
1209 2452 1376 2492 Bentleii
1406 2451 1651 2500 coniectura,

120 2512 346 2564 significent
376 2517 412 2558 δ’
443 2521 503 2560 αἰ.
561 2520 639 2560 hoc
671 2526 756 2574 cst,
787 2528 932 2573 quarto
954 2525 1126 2565 Αἰτίων.
1183 2524 1287 2571 Aut,
1317 2523 1351 2562 si
1381 2538 1424 2562 αι
1455 2522 1652 2574 pertineat

121 2583 173 2622 ad
201 2586 325 2626 verba
354 2594 525 2640 poetae,
564 2592 648 2632 sic:
689 2595 970 2647 Καλλίμαχος
1001 2595 1049 2647 δ’,
1094 2595 1364 2636 Callimachus
1395 2597 1553 2645 quarto.
1609 2597 1651 2632 ut

119 2654 212 2694 alibi
261 2657 390 2697 eidem
435 2661 635 2713 Stephano
679 2665 857 2705 breviter
903 2666 1085 2707 laudatur
1131 2668 1410 2718 Καλλίμαχος
1455 2664 1647 2718 δευτέρῳ,

118 2725 399 2780 Καλλίμαχος
429 2734 576 2788 τρίτῳ,
610 2736 887 2787 Καλλίμαχος
916 2737 959 2776 ἑν
990 2735 1202 2794 τετάρτῳ,
1233 2736 1318 2776 scil.
1345 2735 1525 2776 Αἰτίων.
1583 2733 1646 2771 vel

117 2797 235 2838 etiam
266 2801 545 2856 Καλλίμαχος
577 2807 618 2846 ἐν
648 2807 782 2862 τρίτῃ,
813 2805 1095 2861 Καλλίμαχος
1125 2805 1317 2861 τετάρτῃ.
1373 2815 1465 2844 nam
1492 2807 1647 2843 utrum-
