1856 3126
785 121 1090 158 -173-—

171 249 286 290 quam
319 237 434 277 facile
466 233 529 278 ὅτ’
565 236 603 275 ἰη
639 230 698 276 ὅδ’
730 236 884 278 abierit..
945 237 1023 277 lam
1064 237 1114 277 de
1151 237 1392 289 Fragmento
1423 233 1700 276 CCLXXXIX.

169 322 253 349 rem
287 310 478 349 incertam
511 308 760 359 reliquimus,
790 313 829 349 et
859 309 1129 361 relinquemus
1154 310 1194 349 in
1227 309 1410 350 futurum.
1469 308 1529 348 De
1545 308 1700 360 Fragm.

170 380 367 421 CCCXVI.
387 378 504 419 aliud
535 378 653 430 idque
683 379 998 431 inexspectatum
1034 379 1153 419 docet
1186 379 1315 419 editus
1355 390 1462 419 nunc
1491 379 1649 431 integer
1678 389 1702 418 a

170 452 360 492 Cramero
391 451 430 490 in
459 449 683 490 Anecdotis
715 450 782 490 Gr.
813 450 899 491 Vol.
930 450 958 490 1.
990 450 1293 501 Grammaticus,
1326 462 1377 490 ex
1408 462 1485 502 quo
1516 450 1702 490 Callima-

169 524 310 564 cheum
334 522 420 562 hoc
450 524 691 574 apposuerat
719 519 944 571 Bentleius,
976 525 1015 560 et
1045 532 1160 572 quem
1189 533 1270 561 non
1303 533 1395 561 esse
1428 520 1702 561 Herodianum

169 595 348 635 viderat:
378 605 416 645 p.
444 593 510 644 51,
544 592 609 632 25.
639 593 679 632 in
701 605 738 632 v.
758 585 959 641 ’Ἀξυλοςε
991 590 1128 632 κανών
1157 589 1204 645 γ’.
1235 589 1284 633 τὰ
1317 593 1483 648 τριγενῆ
1512 591 1704 647 παροξύ-

168 681 282 707 νεται
312 663 432 715 (Cod.
461 665 734 716 προπαροξ.)’
766 657 872 713 οἷον,
902 657 1101 715 οἷγκύλος·
1135 663 1377 714 καμπύλος·

672 734 926 789 στρογγύλος
956 730 1044 774 ἔστι
1074 731 1194 781 λίθος

165 808 445 860 Καλλᾲιαχος
463 822 472 832 ·
504 805 787 859 σεσημείωται
814 801 858 844 τὸ
887 802 1079 851 αἶ’συλος·
1109 796 1160 844 οὗ
1193 802 1417 858 οὐδέτερον
1443 803 1488 845 τό
1510 803 1700 846 αἴσυλον·

584 871 649 916 ὅδ’
683 871 760 915 οὔκ
791 869 907 916 ὄθετ’
937 873 1093 916 αἴσυλα
1122 874 1274 930 ῥέζων.

161 949 271 1003 Ergo
303 947 546 989 Callimacho
579 948 685 1000 quod
717 948 889 988 dandum
920 952 1020 999 erat,
1051 947 1196 998 omisit,
1227 951 1266 987 et
1292 959 1365 1000 pro
1398 959 1447 988 eo
1476 948 1570 989 illud
1594 949 1703 990 dedit

162 1021 392 1072 BentleiuS,
421 1021 527 1072 quod
558 1021 722 1061 Homeri
764 1025 863 1060 erat.
922 1020 1178 1060 Homericum
1218 1020 1361 1060 iterum
1401 1020 1555 1072 profert
1597 1021 1702 1061 idem

164 1094 452 1134 Grammaticus
482 1105 519 1145 p.
541 1092 609 1143 73,
628 1091 694 1132 27.
724 1092 779 1132 ita
807 1092 1019 1144 scriptum:
1048 1089 1104 1139 ὥς
1135 1091 1209 1130 οὐκ
1231 1084 1345 1131 ὄθετ’
1374 1090 1531 1133 αἴσυλα
1554 1090 1701 1145 ῥέζων.

162 1165 213 1206 Et
242 1166 480 1205 festinanter
513 1165 587 1204 ista
619 1163 884 1216 exscripsisse
915 1163 1050 1203 Virum
1083 1175 1290 1216 magnum,
1331 1163 1396 1203 vel
1433 1163 1557 1203 semel
1597 1163 1703 1204 lecta

163 1237 318 1277 referre
349 1235 593 1285 memoriter,
627 1235 745 1274 etiam
766 1234 921 1286 reliqua
946 1233 1188 1273 documento
1222 1237 1331 1274 sunt:
1365 1233 1570 1274 concisum
1595 1235 1701 1274 enim

163 1313 281 1362 atque
315 1312 562 1347 contractum
593 1306 703 1346 dedit
733 1306 862 1346 locum
886 1305 1135 1358 grammatici
1168 1305 1248 1346 ita:
1268 1301 1464 1354 '‘A‘gvzov.
1495 1328 1549 1338 —-
1577 1307 1702 1347 Καλ-

162 1379 361 1431 λιζιιαχος,
403 1372 455 1419 οὗ
483 1379 622 1419 τοῦτο.
676 1377 724 1418 Ὁ
755 1378 794 1418 δ’
827 1376 902 1418 οὐκ
943 1371 1052 1418 ὄθετ’
1083 1374 1240 1417 αἴσυλα
1286 1375 1435 1431 ῥέζων.
1547 1377 1701 1419 Novum

161 1448 427 1501 fragmentum
461 1448 715 1497 Callimachi,

385 1517 639 1573 στρογγύλος
668 1517 756 1560 ἐστι
784 1519 926 1570 λίθος,

163 1604 281 1645 quum
310 1592 476 1644 primum
498 1592 625 1632 oculis
653 1592 749 1643 vidi,
782 1592 912 1633 statim
947 1592 998 1633 ad
1029 1594 1300 1633 narrationem
1327 1591 1377 1632 de
1407 1593 1537 1648 πέτρᾳ
1556 1595 1702 1633 κολου-

163 1668 277 1722 ραίᾳ,
307 1669 346 1705 et
377 1664 426 1703 de
459 1663 594 1718 gladio
618 1664 861 1717 calceisque‚
894 1664 1151 1705 referendum
1181 1665 1355 1715 conieci,
1387 1676 1489 1717 quae
1522 1668 1583 1704 est
1606 1664 1700 1717 Cap.

162 1736 228 1777 111.
260 1750 298 1790 p.
328 1737 394 1781 72.
455 1737 516 1777 Ac
557 1737 661 1777 hene
696 1735 807 1790 ἔστι,
837 1749 918 1777 non
951 1731 1023 1791 rJv:
1053 1738 1353 1778 monstrabatur
1383 1736 1489 1776 enim
1517 1747 1597 1776 non
1627 1747 1702 1776 so-

161 1809 240 1850 lum
271 1808 500 1849 Callimachi
530 1813 690 1860 aetate,
720 1809 793 1849 sed
826 1809 945 1849 etiam
986 1808 1218 1849 Pausaniae.
1281 1808 1498 1848 Praeterea
1530 1806 1701 1848 vidimus

162 1882 218 1923 ibi
247 1882 555 1934 explicationem
583 1882 696 1922 vocis
728 1879 959 1933 κολουραῖα
992 1893 1133 1932 unam,
1165 1877 1409 1934 στρογγύλη.
1467 1878 1605 1930 Neque
1635 1879 1702 1919 λί-

161 1958 239 2003 θος
267 1967 349 1995 non
390 1954 654 2006 conveniret,
685 1959 727 1995 ut
765 1959 883 2007 puto:
928 1957 1156 2010 κολουραίῃ
1201 1950 1281 1993 ὑπὸ
1323 1954 1455 2008 πέτρῃ
1499 1955 1540 1991 et
1583 1953 1702 1999 λίθος

161 2026 417 2079 στρογγύλος
454 2038 535 2066 non
571 2026 674 2066 male
702 2026 857 2066 variata
892 2025 1030 2066 dictio.
1098 2024 1178 2067 Sed
1220 2024 1425 2065 fatendum
1457 2029 1541 2076 est,
1581 2025 1700 2065 facile

161 2111 228 2139 res
261 2098 361 2139 alias
395 2098 730 2151 narrationesque
765 2098 1017 2151 excogitari,
1051 2097 1102 2137 ad
1133 2108 1233 2150 quas
1263 2081 1570 2138 accommodata
1608 2099 1701 2138 fue-

161 2171 239 2212 rint
266 2176 344 2211 tam
373 2183 500 2224 pauca
514 2171 652 2211 ‘verba
680 2170 930 2224 στρογγύλος
956 2167 1042 2210 ἔστι
1075 2169 1208 2218 λίθος.

273 2244 387 2297 Agre
419 2243 651 2296 Epidaurio,
682 2243 720 2283 in
750 2255 828 2296 quo
857 2242 1108 2298 habitaverat
1134 2241 1377 2294 Periphetes,
1409 2252 1509 2294 ager
1533 2245 1700 2281 conter-

163 2314 294 2353 minus
323 2315 500 2375 Argivus
534 2320 596 2356 est
626 2315 816 2365 (Pausan.
833 2314 881 2355 11.
914 2314 1078 2366 96,1.),
1107 2325 1181 2366 per
1209 2324 1325 2365 quem
1354 2312 1445 2352 dum
1475 2313 1551 2354 iter
1583 2315 1700 2354 face-

164 2390 240 2437 ret,
272 2385 446 2426 sortasse
475 2386 525 2426 ad
555 2386 810 2427 Asteriouem
838 2386 998 2426 fluvium
1031 2398 1076 2426 se
1108 2385 1345 2438 pervenisse
1374 2385 1563 2426 narrabat
1591 2385 1700 2426 The-

166 2469 273 2498 seus.
332 2458 381 2498 Ut
408 2458 473 2497 hic
501 2458 731 2510 ponendum
762 2459 812 2498 sit
837 2458 994 2512 Fragm.
1029 2457 1194 2498 CLXVI.

387 2528 460 2568 καί
487 2526 635 2569 δόνακι
667 2527 883 2583 πλήθοντα
914 2526 1047 2568 λιπών
1078 2526 1179 2582 ῥόον
1209 2526 1501 2581 Ἀστερίωνος.

164 2601 253 2649 Quo
287 2612 408 2640 versu
439 2604 602 2640 utuntur
635 2600 686 2640 ad
729 2600 1016 2641 adstruendum
1058 2599 1163 2640 hunc
1206 2600 1328 2640 dativi
1365 2612 1478 2640 usum
1516 2599 1698 2641 Eldikius

163 2672 277 2725 Susp.
308 2673 425 2725 Spec.
458 2685 495 2725 p.
531 2673 592 2713 10.
625 2672 866 2713 Schaeferus
897 2672 948 2712 ad
975 2672 1156 2725 Longum
1186 2684 1226 2724 p.
1246 2670 1340 2711 410.
1399 2671 1460 2711 De
1480 2671 1698 2712 Asterione

164 2743 286 2784 fluvio
319 2745 453 2785 vicino
493 2745 672 2797 Mycenis
711 2745 930 2785 Pausanias
971 2745 1016 2784 11.
1051 2746 1124 2795 15,
1152 2745 1190 2783 5.
1239 2743 1302 2794 17,
1336 2743 1371 2782 1.
1402 2744 1438 2783 2.
1482 2744 1548 2796 qui
1590 2744 1697 2796 quod

166 2818 329 2857 scribit:
361 2815 381 2856 ὁ
421 2818 465 2857 δὲ
491 2812 720 2872 Ἀστερίων
751 2811 874 2864 οὗτος
907 2815 1015 2871 ῥέων
1037 2816 1143 2871 ὑπὲρ
1167 2814 1213 2856 τὸ
1238 2813 1414 2869 (Ηραῖον
1433 2815 1476 2864 ἐς
1496 2816 1697 2872 φάραγγα
