1856 3126
845 93 1151 131 -130—

245 214 286 254 in
315 223 437 252 versu
471 209 762 250 obscurissimo
790 213 936 262 poetae
969 211 1158 263 anonymi
1188 209 1292 262 apud
1315 208 1477 251 Suidam
1508 221 1546 249 v,
1573 207 1784 251 Komedai:

242 286 318 340 ἀφ’
356 283 498 337 ὑμέων
528 280 727 337 κοκκύῃσι
774 283 992 336 καθημένη
1036 280 1257 338 ἅρχαίῃσι.
1303 282 1370 321 ubi
1413 282 1554 321 Portus
1597 281 1785 322 coniicit:

243 355 329 409 πὰρ
363 356 403 396 δ’
434 353 579 406 ὑμέων
607 351 783 409 κοκύῃσι
814 356 1035 408 καθημένη
1064 353 1105 394 α’.
1163 355 1362 408 Toupius:
1384 349 1590 408 εὐφήμως
1608 349 1784 408 κοκτῖῃσι

243 430 465 481 παρημένη
496 424 539 467 οἷ.
568 430 610 466 ut
641 425 691 465 de
720 426 903 466 modesta
925 427 1083 480 virgine
1112 439 1246 467 sermo
1279 428 1342 467 sit.
1401 425 1608 466 Iacobsius
1636 426 1677 466 in
1708 424 1784 478 ἀφ’

248 498 393 551 ὑμέων
421 504 568 551 poetae
600 510 771 549 nomen,
803 497 1045 552 Εὐφορίων,
1075 499 1200 539 latere
1235 498 1534 552 suspicabatur:
1564 509 1680 550 quem
1713 509 1784 536 se-
1855 499 1856 511 ¹

245 575 388 623 quutus
421 575 482 610 est
511 569 735 610 Meinekius
768 570 928 622 Fragm.
960 570 1135 622 Euphor.
1167 570 1292 610 CLVI.
1352 570 1458 611 Sane
1500 569 1619 608 talem
1653 579 1784 620 quen-

244 643 334 684 dam
364 647 539 695 poetam,
571 643 700 695 qualis
729 641 961 694 Euphorio,
993 642 1112 681 decet
1144 641 1316 683 κοκκύαι
1347 653 1379 681 s.
1409 639 1556 681 κοκύαι
1599 641 1784 680 vocabu-

242 716 335 756 lum.
395 715 498 764 Quid
529 715 563 754 si
595 713 860 754 Callimachus
892 715 976 754 sit?
1035 714 1243 754 Coniicio:

512 784 672 837 ὑμείων
705 785 881 843 κοκύῃσι
916 787 1175 838 καθειμένη
1208 785 1428 841 α’ρχαίῃσι.

241 872 269 901 a
297 858 415 899 vobis
447 857 692 898 descendens
717 856 956 908 priscarum
984 856 1175 896 aviarum
1198 857 1318 896 serie.
1379 855 1510 895 Verba
1533 853 1703 894 Hecales
1732 854 1784 894 ad

242 931 470 980 Theseum,
499 929 643 982 quibus
672 928 876 981 significat
909 940 953 968 se
983 940 1036 967 ex
1076 929 1210 980 prisca
1258 929 1621 980 antiquissimorum
1651 926 1784 966 Athe-

239 1002 440 1041 niensium
482 1002 605 1052 stirpe
655 1012 760 1040 esse.
820 999 897 1053 ἀφ’
943 999 1046 1050 apud
1086 1000 1248 1040 Suidam
1281 999 1457 1040 fortasse
1501 999 1783 1050 explicationis

242 1086 387 1114 caussa
419 1073 608 1113 additum.
669 1072 725 1112 Ibi
755 1073 876 1124 igitur
905 1070 999 1110 illud
1044 1082 1202 1123 quoque
1237 1083 1330 1111 esse
1374 1072 1527 1123 potuit,
1560 1070 1666 1110 aliud
1699 1071 1785 1110 He-

240 1146 354 1187 calae
383 1156 532 1186 nomen
561 1146 766 1197 proprium
798 1144 938 1194 fuisse,
969 1147 1011 1184 ut
1045 1144 1221 1194 conieci,
1250 1143 1323 1184 sed
1355 1143 1596 1192 dubitanter,
1625 1154 1664 1195 p.
1692 1142 1782 1183 103.

241 1218 292 1258 Et
320 1218 370 1258 de
399 1218 567 1270 pristina
598 1217 807 1256 nobilitate
832 1215 973 1268 aliquis
1002 1220 1304 1269 argumentetur
1322 1216 1473 1268 aliquid
1495 1229 1547 1256 ex
1575 1227 1642 1267 eo,
1675 1215 1783 1268 quod

240 1290 369 1344 ἡρωΐς
400 1291 449 1330 ab
478 1290 732 1343 Etymologis
762 1289 965 1342 Suidaque
996 1288 1228 1342 appellatur.
1288 1289 1432 1330 Verum
1474 1290 1539 1330 illa
1582 1302 1663 1330 non
1702 1294 1783 1329 tuta

241 1365 562 1417 argumentatio,
595 1364 687 1416 quia
721 1363 771 1402 ad
805 1362 1085 1415 explicandam
1116 1360 1296 1416 ἧρωΐδος
1324 1363 1632 1415 appellationem
1663 1361 1780 1402 suffi-

241 1437 369 1486 ciunt,
401 1447 505 1487 quae
538 1433 589 1474 de
618 1434 775 1474 honore
808 1433 984 1473 Hecalae
1026 1437 1117 1486 post
1163 1438 1331 1473 mortem
1371 1433 1509 1474 habito
1559 1433 1781 1473 traduntur.

239 1509 290 1550 Et
322 1509 487 1548 omnino
519 1508 649 1546 teneri
681 1506 825 1554 velim,
861 1506 966 1558 quod
997 1505 1201 1558 praefatus
1234 1518 1342 1545 sum:
1375 1506 1567 1558 quicquid
1610 1507 1661 1546 de
1697 1505 1784 1558 pri-
1855 1523 1856 1532 =

241 1582 346 1622 stina
378 1579 627 1630 conditione,
657 1579 827 1618 laetiore
856 1578 937 1628 illa,
967 1578 1139 1618 Hecales
1168 1578 1356 1625 disserui,
1391 1578 1666 1618 coniecturam
1690 1589 1783 1617 esse

243 1653 426 1693 mihimet
455 1652 530 1704 ipsi
561 1652 767 1690 incertam.
826 1650 986 1702 Aliquid
1020 1649 1252 1690 tentandum
1281 1655 1381 1701 erat,
1411 1654 1453 1690 ut
1475 1650 1784 1702 explicationem

247 1726 474 1767 invenirem
513 1724 779 1776 fragmentis,
820 1734 923 1774 quae
952 1734 1044 1762 esse
1075 1735 1127 1762 ex
1170 1723 1320 1762 Hecale
1363 1723 1504 1775 partim
1555 1723 1785 1762 testimonio

249 1802 434 1847 constat,
477 1798 619 1848 partim
665 1795 865 1848 probabili
913 1797 1264 1848 argumentatione
1313 1795 1510 1844 efficitur,
1554 1794 1695 1834 Ltar.
1745 1799 1786 1835 et

251 1869 557 1912 CCCCXXVllI.
619 1869 667 1908 Et
693 1868 940 1917 tentandum,
974 1869 1080 1920 quod
1109 1869 1148 1907 in
1177 1879 1221 1907 se
1244 1867 1563 1919 probabilitatem
1594 1866 1784 1907 haberet:

251 1943 367 1996 quale
398 1946 472 1991 est,
507 1941 585 1980 nisi
617 1940 746 1990 l'allor,
777 1940 856 1979 hoc
881 1952 1026 1979 mcum.
1086 1939 1316 1979 Callimachi
1338 1951 1430 1978 esse
1462 1950 1639 1988 versum,
1671 1951 1788 1990 quem

252 2020 458 2068 postremo
501 2014 594 2053 loco
636 2013 835 2062 tractavi,
878 2024 939 2064 ap.
972 2011 1080 2052 Suid.
1122 2024 1159 2050 v.
1192 2007 1409 2060 Koum'uc,
1452 2011 1571 2049 etiam
1614 2010 1789 2062 Toupius

257 2086 472 2139 aliquando
503 2085 753 2133 coniecerat,
783 2088 825 2123 ut
853 2095 958 2122 nunc
990 2083 1167 2135 intelligo
1196 2094 1247 2121 ex
1275 2082 1411 2122 verbis
1443 2083 1547 2133 eius,
1581 2094 1684 2134 quae
1713 2094 1792 2134 pu-

257 2160 417 2200 blicavit
450 2155 705 2198 Gaissordius
736 2155 786 2194 ad
816 2154 923 2196 Suid.
957 2167 992 2194 V.
1031 2155 1258 2204 Κυμαιίνει.
1334 2153 1507 2194 Omnino
1539 2158 1650 2193 recte
1680 2153 1792 2194 Tou-

256 2232 371 2284 pius,
405 2229 536 2269 sicubi
575 2239 657 2268 non
698 2232 834 2267 notum
869 2226 1028 2266 aliunde
1062 2226 1327 2278 fragmentum
1360 2231 1533 2278 poetae,
1576 2227 1648 2266 sed
1681 2227 1791 2268 docti

256 2306 419 2356 poetae,
448 2300 572 2350 videt,
604 2301 736 2340 statim
770 2299 938 2352 quaerit,
970 2310 1020 2338 an
1051 2298 1101 2337 sit
1132 2296 1387 2347 Callimachi,
1417 2297 1480 2336 vel
1512 2299 1632 2338 etiam
1661 2299 1794 2351 Apol-

259 2374 381 2415 lonii:
430 2386 468 2412 v·
499 2371 696 2412 Emendd.
729 2372 768 2411 in
806 2371 916 2412 Suid.
947 2371 986 2410 P.
1018 2370 1064 2410 ΙΙ.
1095 2370 1181 2411 Vol.
1212 2370 1239 2409 Ι.
1269 2382 1306 2421 p.
1338 2369 1434 2409 315.
1471 2370 1534 2419 [T.
1569 2370 1597 2410 1.
1627 2383 1664 2423 p.
1698 2370 1792 2411 209.

260 2448 374 2500 Lps.)
405 2451 445 2485 et
474 2444 578 2498 apud
609 2443 877 2484 Gaissordium
909 2443 947 2481 in
976 2442 1084 2483 Suid.
1116 2455 1152 2481 v.
1175 2437 1275 2492 Ἔαρ
1308 2446 1346 2480 et
1376 2454 1413 2482 ν.
1446 2443 1677 2495 Περιθριξ.
1732 2443 1793 2483 De

263 2518 480 2572 Apollonio
514 2528 595 2556 non
627 2521 705 2555 tam
738 2515 944 2567 explorata
978 2526 1045 2554 res
1087 2518 1161 2553 est.
1218 2513 1279 2553 De
1311 2514 1554 2554 Callimacho
1595 2514 1795 2554 sentiebat

267 2604 355 2632 cum
384 2590 536 2642 Toupio
567 2589 838 2629 Ruhnkenius.

378 2663 560 2714 Denique
591 2673 693 2713 quae
716 2672 834 2699 suam
857 2658 1056 2712 quondam
1077 2669 1218 2697 aream
1237 2660 1514 2704 memorasset,
1539 2655 1657 2694 etiam
1679 2665 1797 2695 suum

268 2739 453 2773 aratrum
484 2744 711 2773 memorare
742 2743 864 2784 posse
896 2729 1120 2769 videbatur.
1152 2729 1309 2780 Fragm.
1341 2725 1629 2767 CCCCXXXV.
1661 2727 1704 2765 οἳ
1727 2740 1796 2766 κεν

268 2806 539 2860 βρωσειόντες
582 2802 685 2857 ἐμὸν
727 2804 936 2858 παρίωσιν
974 2796 1178 2854 ἄροτρον,
1224 2812 1312 2840 cum
1349 2797 1617 2850 explicatione
1656 2797 1797 2850 Toupii
