1856 3126
765 109 1066 163 -202-

156 239 585 280 111111111Γλαυκώπιον
627 241 890 283 Callimachus
927 255 948 283 a
995 243 1172 285 Minci-va
1211 245 1472 298 γλαυκώπιδι
1516 245 1675 295 dictum,

155 324 206 350 an
236 309 519 351 Γλαυκώπιδα
553 317 592 352 et
624 313 749 365 ipsum
781 313 1054 356 Γλαυκώηιον
1084 329 1106 356 a
1137 317 1355 369 Glaucopo,
1391 317 1607 357 crediderit
1627 331 1674 356 ae

156 384 389 434 tradiderit,
417 397 498 424 non
529 385 725 429 decerno:
767 387 838 426 sed
869 386 948 427 hoc
979 400 1084 428 nunc
1113 391 1241 442 magis
1272 389 1477 442 probabile
1510 402 1557 429 ea
1586 390 1672 430 sola

153 457 204 497 de
232 469 398 507 caussa,
432 457 540 510 quod
573 459 612 497 in
645 460 874 499 universum
907 472 984 512 quo
1032 461 1163 502 fabula
1209 463 1337 515 aliqua
1387 463 1571 513 doctior,
1612 460 1672 500 vel

152 530 272 570 etiam
306 531 542 581 obscurior,
576 543 626 571 eo
656 532 727 572 fuit
758 532 999 573 Callimacho
1041 535 1255 586 acceptior.
1312 535 1361 576 Et
1398 540 1477 575 tum
1513 534 1671 586 quidem

151 602 202 642 de
231 602 435 655 Glaucopo
467 603 613 655 aliquid
643 604 816 644 additum
847 605 970 646 fuisse
999 608 1037 647 in
1065 606 1156 647 loeo
1179 607 1347 648 Hecales
1377 607 1568 648 credibile
1595 610 1669 646 est.

149 675 192 717 ln
222 675 383 716 Scholio
415 676 483 716 illo
526 678 633 729 quod
664 679 876 730 scriptum:
918 681 1017 730 περὶ
1050 677 1094 719 τὸ
1124 677 1235 732 ἱερὸν
1264 678 1562 721 Γλαυκώπειον
1591 696 1670 719 κα-

150 750 320 788 λεῖσθαι
354 747 434 788 ἀπὸ
465 750 561 789 τοῦ
590 749 894 802 ἐπωνύμου,
924 751 1147 804 ambiguum
1179 757 1251 792 est.
1309 754 1413 793 Sane
1435 752 1551 792 facile
1571 765 1669 804 sup-

149 819 324 872 pleveris
370 822 587 875 cogitando
618 822 897 864 Γλαυκώπου.
960 824 1019 863 Ex
1058 824 1228 864 Scholiis
1268 825 1518 876 Homericis,
1562 825 1668 864 unde

149 894 271 933 verba
304 894 593 947 desumpsimus
623 896 873 948 Callimachi,
913 897 1010 936 nihil
1042 909 1128 936 eam
1162 898 1198 936 in
1232 910 1314 938 rem
1356 899 1453 937 certi
1499 898 1664 937 efficias.

144 966 281 1018 Neque
311 972 473 1019 apparet
503 980 524 1006 e
558 968 813 1019 Callimacho,
843 981 920 1021 quo
950 981 1102 1021 genere
1126 970 1401 1010 Γλαυκώηιον
1426 970 1660 1010 vocabulum

144 1040 414 1091 usurpaverit,
445 1044 571 1079 utrum
600 1042 674 1091 sic,
708 1041 984 1080 Γλαυκώηιον
1014 1045 1207 1090 neutrum,
1241 1054 1289 1080 an
1322 1045 1421 1081 θῖνα
1454 1042 1662 1082 Γλαυκώ-

144 1126 264 1151 πιον.·
296 1111 383 1151 aliis
403 1145 414 1164 ,
447 1124 547 1164 quos
582 1124 700 1164 supra
736 1112 997 1163 laudavimus,
1031 1117 1091 1152 est
1121 1111 1166 1153 τὸ
1199 1114 1491 1157 Γλαυκώπιον.
1604 1114 1670 1154 De‘

144 1195 219 1223 usu
250 1183 471 1237 verbigi'g‘u
501 1197 522 1224 e
554 1184 799 1225 Callimacho
832 1190 1117 1225 annotaveram
1149 1186 1292 1225 similia
1337 1186 1422 1225 sive
1463 1190 1663 1238 cognata:

143 1257 290 1309 ἐφοίτα
322 1258 512 1297 παίπαλά
546 1272 588 1297 τε
608 1260 815 1310 κρημνούς
835 1273 890 1308 τε,
926 1263 964 1298 et
992 1252 1121 1310 οὔρεα
1144 1260 1415 1309 πλωιζομένοις,
1445 1271 1496 1297 ex
1516 1261 1659 1311 hymno

142 1329 183 1367 in
214 1330 328 1369 DIan.
362 1330 452 1370 194.
487 1331 577 1371 2⁴35.
617 1331 821 1383 Euphorio
854 1332 914 1371 Fr.
947 1331 1082 1371 LXVI.
1127 1330 1375 1383 Ὀρχομενὸν
1404 1333 1663 1380 Χαρίτεσσιν

143 1401 355 1456 α’φαρέσιν
385 1401 642 1457 ὀρχηθὲνταε
684 1405 789 1456 quod
818 1404 1065 1456 Euphorioni
1099 1405 1342 1455 praeiverat,
1370 1404 1500 1456 paullo
1534 1405 1660 1444 minus

142 1475 353 1526 audacter,
391 1477 549 1529 Pythia:
595 1477 718 1517 δεύσω
764 1492 828 1517 τοι
876 1479 1026 1529 Τεγέην
1064 1478 1332 1529 ποσσίκροτον
1374 1477 1657 1529 ὀρχήσασθαι.

149 1548 315 1588 Prorsus
357 1550 515 1602 gemina
555 1552 786 1602 expetenti,
825 1561 925 1601 quae
956 1551 1040 1601 ipse
1083 1560 1163 1588 non
1205 1549 1334 1588 statim
1378 1549 1661 1600 repperissem,

143 1621 407 1672 suppeditavit
453 1622 701 1662 Hermannus
745 1627 929 1675 quantum
973 1622 1094 1671 satis,
1137 1620 1326 1660 nonnulla
1363 1620 1590 1673 Euripidis,
1621 1625 1662 1660 et

139 1693 381 1746 Aeschylum
412 1695 554 1747 Agam.
576 1696 668 1735 952.
703 1708 752 1734 ex
779 1696 1060 1735 emendatione
1089 1695 1205 1734 etiam
1229 1706 1249 1734 a
1269 1694 1448 1733 Porsono
1479 1698 1658 1745 recepta:

138 1768 302 1818 θάρσος
331 1767 506 1815 samaa—9
533 1767 611 1817 ἵζει
686 1767 839 1823 φρενὸς
870 1769 992 1823 φίλον
1012 1768 1177 1819 θρόνον.
1235 1767 1287 1807 At
1304 1767 1523 1806 insolenter
1541 1771 1660 1819 poeta

140 1843 302 1891 usurpat
333 1841 432 1880 θῖνα
473 1839 524 1880 (16
553 1841 705 1880 vertice
738 1836 877 1893 ἄκρης.
936 1842 1023 1882 Νο11
1066 1846 1198 1880 tamen
1242 1841 1294 1880 ita
1337 1839 1580 1889 insolenter,
1618 1843 1660 1879 ut

140 1911 339 1963 haesites,
370 1914 605 1965 praesertim
637 1915 674 1953 111
707 1914 826 1955 docto
858 1919 989 1967 poeta.
1047 1915 1184 1966 Neque
1220 1915 1253 1954 si
1292 1914 1376 1966 ipse
1418 1913 1509 1953 alibi
1551 1913 1656 1953 idem

138 1986 254 2034 θῖνα,
285 1987 429 2036 θῖνας,
459 1987 603 2026 usitata
635 1986 779 2026 littoris
809 1987 1101 2040 significatione
1134 1990 1316 2038 usurpat,
1347 1985 1421 2025 alia
1450 1985 1659 2038 significa-

138 2058 248 2096 tione
280 2070 359 2097 non
403 2060 582 2110 potuisse
615 2060 803 2112 sequitur.
871 2058 920 2098 Et
963 2058 1050 2098 sine
1095 2057 1358 2098 haesitatione
1401 2058 1576 2109 Heynius
1616 2058 1656 2096 in

137 2129 249 2169 iliad.
281 2130 324 2169 V.
358 2132 453 2174 422.
488 2131 605 2171 Obss.
640 2145 674 2184 p.
702 2131 767 2172 86.
802 2131 853 2170 ita
884 2132 1028 2183 accipit
1062 2130 1216 2170 locum:
1261 2142 1363 2181 quae
1393 2142 1594 2181 ayyerem,
1623 2141 1655 2169 s.

139 2203 277 2241 collem
302 2203 556 2255 qlaucopium
584 2208 698 2244 tenet.
759 2204 866 2244 Haec
898 2215 976 2256 ego
1008 2202 1136 2254 paullo
1168 2203 1348 2255 longius,
1381 2207 1421 2241 ut
1451 2203 1656 2255 signitica-

138 2285 221 2314 rem
254 2287 334 2315 non
367 2287 466 2328 opus
498 2288 590 2315 esse
620 2277 853 2317 coniectura
887 2275 986 2317 Guil.
1016 2275 1208 2315 Dindorlii
1236 2276 1274 2314 111
1301 2275 1416 2314 Thes.
1446 2275 1492 2314 H.
1521 2274 1653 2327 Steph.

138 2358 174 2386 v.
206 2347 506 2399 Γλαυκώπιον,
541 2349 750 2389 commoda
793 2349 857 2389 illa
890 2348 1048 2400 quidem
1083 2347 1132 2387 ad
1171 2360 1357 2400 sensum,
1401 2349 1518 2387 eliam
1549 2346 1656 2397 mihi,

136 2419 210 2459 sed
241 2420 344 2460 iusto
378 2421 597 2461 audaciori.
656 2422 811 2461 Deinde
842 2422 880 2461 in
914 2421 976 2461 his
1007 2421 1256 2473 acquiescet,
1286 2425 1327 2460 ut
1355 2432 1497 2472 spero,
1526 2420 1654 2458 Lucas

136 2496 286 2541 noster,
317 2493 381 2544 qui
411 2505 498 2533 eum
528 2494 657 2533 locum
690 2498 767 2533 tum
800 2493 905 2532 edito
940 2505 973 2532 a.
1010 2493 1126 2533 1831.
1160 2497 1464 2546 programmate,
1496 2493 1545 2533 de
1577 2493 1652 2533 Mi-

136 2575 286 2604 nervae
317 2571 585 2618 cognomento
616 2567 884 2613 Γλαυκῶπις,
920 2578 954 2618 p.
994 2567 1056 2605 14.
1086 2570 1164 2604 111111
1195 2576 1320 2617 nuper
1348 2564 1387 2604 in
1419 2566 1559 2605 eodem
1583 2577 1653 2605 ar-

137 2641 324 2687 gumento
368 2639 485 2678 docte
522 2643 638 2690 atque
683 2643 870 2679 accurate
908 2643 1122 2677 retractato
1152 2638 1382 2685 Quaestion.
1421 2637 1649 2688 Lexicolog.

136 2708 305 2760 Lib.l.p.
327 2710 480 2764 136‚sq.
497 2713 637 2765 attigit.
665 2713 960 2752 Annotaverain
980 2712 1095 2750 ctiam
1111 2723 1160 2751 ex
1174 2707 1647 2752 AlcaeoStrabonilell.

136 2793 172 2833 p.
187 2780 279 2820 600.
303 2783 417 2829 (805.
435 2784 499 2832 C.)
529 2784 709 2837 templum
731 2784 934 2823 Minervae
951 2783 1170 2836 Sigeensis,
1190 2787 1255 2822 aut
1276 2782 1537 2822 Γλαυκωποῦ
1562 2777 1651 2831 ἴσον

137 2854 296 2906 dictum,
320 2859 358 2895 ut
381 2855 575 2909 Scidlero,
606 2862 669 2897 aut
693 2855 980 2908 Γλαυκώηιυν,
998 2860 1037 2896 ut
1060 2868 1183 2907 nuper
1200 2853 1401 2895 Dindorfio
1423 2854 1547 2895 visum
1575 2858 1647 2894 cst.
