1820 3141
783 168 1032 206 ...8-

147 282 480 325 studiosissimum
509 283 614 324 hunc
645 286 823 323 nostrum
862 287 1021 335 poetam
1054 283 1176 323 fuisse
1209 280 1419 322 admodum
1451 278 1657 331 probabile

147 360 229 396 est:
259 355 333 395 etsi
362 354 468 406 quod
498 355 702 396 coniiccre
731 366 795 394 me
821 355 993 406 memini,
1022 367 1112 395 csse
1144 355 1444 395 admirationem
1475 353 1590 403 illam,
1618 356 1658 393 et

147 439 239 468 esso
271 426 522 478 magnificum
551 425 646 467 illud
678 426 852 467 Erinnae
879 428 1135 480 praeconium
1164 426 1214 466 ad
1245 424 1523 466 Callimachum
1555 429 1658 464 tam-

147 512 264 554 quam
297 503 499 539 auctorem
528 498 806 550 rescrcndum,
833 499 938 540 nullo
970 504 1081 540 certo
1112 499 1337 539 testimonio
1363 498 1655 550 comprobatur.

149 572 299 611 Utebar
327 583 414 610 eam
446 571 487 610 in
527 582 612 611 rem
640 570 877 623 Antiphanis
918 571 1225 624 epigrammate,
1265 571 1303 610 in
1346 581 1423 621 quo
1467 571 1657 608 consueta

149 644 424 684 Grammaticis
455 643 663 684 admiratio
681 643 858 683 Erinnae
889 644 1101 683 coniuncta
1134 648 1194 683 cst
1222 655 1309 683 cum
1337 642 1538 681 mentione
1566 639 1658 679 Cal-

145 716 328 756 limachi:
359 716 673 770 Γραμματικῶν
703 718 901 770 περίεργα
928 716 1037 768 γένη,
1067 739 1121 746 --
1150 716 1233 755 ταῖν
1262 713 1455 767 μεγάλων
1483 711 1660 765 κηλῖδες,

147 789 211 828 ἐπ’
236 786 408 843 Ἠρίννῃ
441 788 487 828 δὲ
515 789 745 840 κομῶντες,
774 789 917 841 πικροὶ
944 788 1017 827 καί
1044 788 1161 840 ξηροί
1189 782 1472 836 Καλλιμάχου
1501 781 1662 835 πρόκυ-

148 875 228 908 νες.
284 860 398 900 Nunc
429 859 482 899 ibi
511 871 562 899 nc
595 860 755 899 Eriima
791 861 947 913 quidem
989 864 1069 900 tuta
1109 859 1156 899 ab
1190 858 1296 898 omni
1339 861 1451 909 parte
1492 856 1661 905 videtur,

148 944 266 985 quum
295 932 345 972 ad
373 944 530 972 manum
559 932 610 972 sit
639 933 962 985 ingeniosissima
986 936 1026 972 et
1048 931 1098 971 ad
1120 943 1278 971 sensum
1297 930 1498 982 aptissima
1521 939 1662 968 emen-

148 1003 271 1055 datio,
297 1004 338 1044 ni
369 1003 498 1055 fallor,
528 1003 766 1043 Hcrmanni:
801 1002 870 1042 ἐπὶ
898 1000 989 1058 ῥίνῃ
1021 1003 1067 1042 δὲ
1097 1003 1312 1053 κομῶντες.
1371 1001 1548 1042 Indolcm
1569 999 1663 1040 Cal-

147 1075 308 1116 limachi
345 1079 384 1116 et
421 1076 621 1127 proprium
651 1076 688 1114 ei
718 1075 925 1114 brevitatis
956 1074 1172 1113 carminum
1212 1085 1387 1113 amorem
1427 1074 1531 1113 bene
1565 1084 1663 1125 per-

149 1151 335 1200 spexerat
365 1147 408 1186 C.
435 1146 639 1196 Melissus,
669 1157 784 1197 quum
815 1145 1051 1183 imitatorem
1081 1143 1310 1184 Callimachi
1339 1143 1566 1193 Proculum,
1594 1143 1660 1194 qui

148 1224 282 1259 tamen
308 1230 387 1258 una
419 1219 459 1257 in
487 1229 558 1268 re,
590 1227 718 1268 eaque
749 1214 961 1268 primaria,
992 1215 1046 1255 ita
1073 1216 1309 1256 recessisset
1353 1216 1402 1256 ab
1447 1202 1677 1267 exemplari⁸

148 1302 251 1341 suo,
278 1294 320 1330 ut
354 1289 404 1330 de
434 1290 543 1343 Lyde
575 1301 674 1342 opus
701 1289 897 1330 scriberet
927 1292 1083 1329 centum
1106 1293 1145 1328 et
1167 1288 1427 1341 quadraginta
1457 1288 1663 1341 elegorum

146 1362 286 1413 libris,
317 1361 440 1403 latum
473 1362 683 1414 appellavit
713 1361 1009 1402 Callimachum.
1068 1361 1231 1401 Tantum
1263 1361 1394 1402 efficIo
1424 1373 1475 1401 ex
1502 1359 1663 1412 Apulcii

150 1434 202 1475 de
231 1433 420 1487 Orthogr.
451 1439 491 1483 ὃ.
512 1433 578 1476 43.
610 1434 744 1474 verbis
774 1435 860 1475 his:
902 1460 955 1466 --
983 1432 1056 1473 sed
1094 1437 1133 1472 et
1165 1433 1206 1473 C.
1246 1432 1442 1473 Proculus
1470 1431 1663 1472 Callima-

142 1507 268 1555 chum
303 1511 465 1547 secutus
492 1508 534 1546 in
565 1520 686 1559 opere
723 1507 830 1559 quod
859 1507 908 1547 cle
943 1506 1051 1559 Lyde
1086 1510 1125 1546 et
1158 1505 1247 1557 ipsc
1285 1503 1405 1545 habet
1441 1509 1595 1545 ocultam
1627 1508 1666 1544 et

150 1579 420 1631 quadrayinta
453 1579 651 1631 eleqorum
682 1580 794 1620 libris
808 1593 824 1628 ,·
861 1579 966 1620 umlc
994 1580 1100 1619 latus
1129 1578 1394 1619 Callimachus
1425 1577 1467 1618 C.
1500 1576 1665 1617 Melissa

152 1651 195 1690 in
223 1650 337 1690 libris
365 1650 546 1690 iocorum
573 1652 717 1691 (licitur
751 1652 812 1691 sic
844 1682 853 1692 .
887 1682 897 1691 .
928 1683 938 1692 .
999 1651 1226 1691 Callimachi
1263 1651 1501 1691 imitatorem
1540 1649 1665 1690 fuisse

152 1723 374 1775 Proculum,
405 1724 469 1763 vel
497 1723 671 1763 habitum
702 1735 792 1762 esse
822 1733 892 1774 pro
925 1722 1126 1762 imitatore
1155 1721 1407 1773 Callimachi,
1435 1732 1486 1760 ex
1521 1719 1666 1759 Ovidio

153 1796 336 1847 eflicitur,
364 1796 486 1848 Epist.
516 1808 567 1836 cx
595 1796 633 1836 P.
654 1796 715 1836 IV.
742 1796 806 1845 16,
830 1796 895 1835 32.
927 1794 1160 1835 Callimachi
1191 1794 1385 1834 Proculus
1412 1793 1526 1834 molle
1553 1798 1666 1833 tene-

155 1873 218 1907 ret
241 1868 329 1909 iter.
388 1868 602 1908 Conciliari
641 1869 720 1908 hoc
759 1873 935 1908 nostrum
969 1881 1055 1908 cum
1088 1870 1317 1908 coniectura
1349 1879 1456 1919 sane⁴
1477 1878 1558 1906 non
1587 1867 1666 1906 im-

156 1941 353 1993 probabili
385 1940 537 1981 Osanni
570 1942 740 1994 poterit,
771 1941 1051 1981 Antimachum
1080 1941 1310 1993 rcponentis
1342 1941 1415 1981 ita:
1452 1939 1527 1980 sed
1554 1944 1593 1979 et
1625 1939 1667 1979 C.

156 2015 353 2056 Proculus
379 2013 658 2056 Antimachum
687 2018 848 2054 seculus
876 2013 918 2052 in
945 2025 1067 2064 opere
1094 2013 1200 2065 quod
1229 2013 1277 2052 cle
1306 2012 1414 2064 Lyde
1444 2017 1520 2053 etc.
1568 2013 1660 2052 Pro-

160 2088 271 2127 culus
299 2087 452 2127 etiamsi
484 2087 525 2126 in
552 2085 661 2139 Lyde
701 2098 773 2126 sua
805 2086 1083 2126 Antimachum
1121 2086 1291 2126 maxime
1321 2086 1563 2138 propositum
1594 2085 1653 2125 sih

159 2159 388 2209 habuisset,
419 2163 576 2209 tamen,
607 2170 724 2211 quum
764 2159 805 2198 in
842 2160 1070 2198 universum
1110 2170 1182 2210 pro
1220 2158 1415 2197 imitatore
1458 2156 1654 2196 haberent

162 2231 417 2281 Callimachi,
447 2234 609 2282 propter
637 2230 730 2271 illud
769 2231 893 2282 ipsum
925 2242 1023 2283 opus
1056 2231 1160 2270 latas
1197 2230 1275 2270 dici
1305 2228 1567 2269 Callimachus
1593 2240 1653 2281 p<-

162 2305 247 2345 tuit.
303 2304 453 2344 Rursus
482 2304 730 2343 notissimum
760 2306 843 2353 est,
881 2306 921 2342 et
952 2301 1039 2341 hei!
1080 2313 1195 2354 quam
1223 2313 1383 2353 verum,
1418 2301 1651 2354 proverbium

165 2375 409 2426 Callimachi,
437 2386 519 2415 non
550 2374 600 2414 de
628 2375 754 2427 poesi,
784 2374 856 2414 scd
889 2373 941 2413 de
969 2374 1074 2413 omni
1102 2373 1224 2413 libro:
1253 2386 1419 2426 maynus
1440 2373 1553 2426 liber,
1582 2382 1653 2413 m-

164 2461 282 2502 ynum
309 2448 482 2489 malum:
509 2448 664 2500 Fragm.
699 2446 892 2486 CCCLlX.
922 2458 973 2486 ex
998 2445 1196 2486 Athenaei
1236 2445 1303 2486 lib.
1334 2445 1397 2486 ΙΙΙ.
1435 2447 1521 2487 init.
1584 2447 1652 2487 ibn

165 2525 296 2561 tamen
326 2520 472 2560 dictum
491 2520 578 2560 sine
600 2519 849 2572 exceptione.
906 2517 991 2557 Etsi
1014 2517 1119 2569 quod
1140 2518 1412 2570 longissimum
1432 2529 1531 2570 opus
1549 2515 1654 2570 ipius

168 2592 396 2632 Callimachi
426 2593 550 2633 fuisse
578 2595 711 2644 pules,
740 2588 909 2630 Πίνακα
945 2590 1009 2629 vel
1041 2591 1235 2637 Πίνακας
1271 2591 1544 2631 παντοδαπῶν
1571 2602 1655 2639 ων-

167 2661 447 2718 γραμμάτων,
478 2664 529 2704 dc
560 2676 637 2716 quo
668 2662 926 2704 Ruhnkcnius
966 2661 1016 2702 ad
1050 2662 1197 2701 Gallim.
1229 2673 1265 2713 p.
1291 2659 1385 2702 440.
1413 2666 1454 2702 et
1481 2660 1562 2702 470
1584 2658 1649 2698 cd.

170 2737 326 2776 Ernest.
359 2741 518 2786 monet,
555 2749 606 2777 nc
640 2737 766 2789 ipsum
794 2735 949 2788 quidem
977 2734 1130 2773 enormi
1160 2733 1282 2774 fuisse
1314 2729 1652 2785 longitudineexi—

171 2809 428 2860 stimaverim‚
456 2821 573 2861 quum
604 2809 705 2862 libri,
737 2808 877 2861 quibus
905 2806 999 2847 illud
1030 2807 1149 2848 Suida
1180 2811 1280 2848 testc
1301 2806 1488 2857 constitit,
1519 2805 1651 2845 onium

175 2886 214 2923 et
254 2882 426 2936 viginti,
465 2886 610 2936 quanto
652 2882 796 2936 singuli
836 2881 982 2922 ambitu
1021 2879 1191 2931 suerint,
1229 2880 1459 2934 ignoretur,
1497 2891 1520 2917 c
1547 2884 1651 2927 quae
