1856 3126
783 117 1087 154 *170—

170 234 233 275 Ac
272 235 410 273 mirum
440 234 734 286 quodammodo
781 231 1052 284 διὸύματόκοι
1099 236 1200 287 apud
1245 234 1455 287 Philippum
1500 239 1588 284 est,
1631 237 1696 287 qui

171 310 288 357 poeta
321 305 419 345 alias
449 322 473 357 η
506 307 635 346 littera
679 308 717 345 in
758 306 824 346 tali
866 307 1107 347 formatione
1153 308 1396 347 delectatur:
1447 304 1698 361 α’φρηλόγον,

168 373 407 429 γυρητόμον
433 374 716 430 (γυιητόμον),
745 378 1071 433 καλαμητομιής,
1089 376 1319 433 κρεηδόκον,
1350 376 1696 432 λειψανηλόγους,

169 445 421 500 λαιμητόμα,
452 448 713 501 πυρηφάτον,
744 446 980 500 πυρητόκον
1000 448 1079 499 (Ϋ),
1110 450 1376 500 πυρηνέμους
1395 448 1468 497 (P),
1497 451 1696 501 στελεχη-

166 511 306 568 τόμον,
333 515 565 573 ὑλησκόπῳ,
594 524 635 558 ut
661 524 912 571 praeteream
944 520 1033 560 trita
1066 524 1105 559 ct
1135 519 1294 559 multum
1318 521 1434 559 etiam
1457 519 1544 559 aliis
1575 530 1696 558 usur-

167 592 257 640 pata
292 586 579 642 θαλαμηπόλε,
615 592 865 643 θυηπολίας.
927 592 984 631 Cs.
1019 591 1191 631 Lobeck.
1224 592 1262 630 in
1292 590 1498 643 Phrynicll.
1531 603 1567 642 p.
1597 589 1693 630 560.

168 671 253 712 scq.
312 660 492 700 Modicus
522 661 680 701 dialecti
712 674 834 713 usus,
863 663 1006 715 quippe
1040 664 1211 703 munitus
1248 664 1394 715 antiqui
1421 667 1564 716 poetae
1593 661 1696 713 epici

166 733 428 771 auctoritate:
460 728 575 778 ὗὸος.
634 732 674 772 Si
707 736 836 772 tamen
877 733 954 773 hoc
993 734 1214 784 aeolicum,
1255 735 1359 785 quod
1397 745 1529 783 unus,
1578 743 1694 785 quem

164 804 424 853 meminerim,
459 802 624 842 Tzetzes
661 803 779 843 tradit
810 804 860 844 ad
900 805 1147 846 Hesiodum:
1190 805 1364 857 caeteri,
1396 805 1564 856 Suidas,
1593 804 1695 856 Ety-

164 876 329 927 mologi,
359 879 398 914 et
429 886 529 927 quos
562 874 789 916 laudaturus
821 888 907 916 sum
940 876 1060 927 aliOS,
1091 888 1171 916 non
1208 877 1357 917 dicunt.
1416 878 1544 918 Habet
1574 878 1693 917 etiam

164 946 380 998 Theognis.
440 946 652 986 Praeterea
689 947 954 986 Callimachus
981 945 1083 994 «ἕδος
1113 948 1285 988 sortasse
1325 961 1405 989 non
1435 953 1694 1002 usurpaturus

163 1016 304 1057 fuisset
334 1017 439 1067 alibi,
471 1022 510 1057 at
539 1017 766 1069 usurpavit,
799 1022 838 1057 et
869 1018 1011 1070 cupide
1042 1020 1246 1071 usurpavit
1276 1032 1326 1059 eo
1356 1021 1395 1060 in
1429 1021 1549 1071 loco,
1581 1022 1694 1061 cuius

163 1091 282 1129 etiam
316 1090 391 1129 alia
433 1090 628 1142 quaedam
677 1102 763 1129 cum
805 1089 896 1129 loco
931 1090 1136 1130 Hesiodeo
1167 1091 1380 1132 similitudo
1414 1097 1535 1132 esset.
1594 1093 1694 1133 Nam

162 1162 216 1202 ita
248 1161 511 1202 Callimachus
540 1163 695 1214 Fragm.
721 1161 984 1203 CCCCLXVI.
1014 1162 1078 1203 ed.
1111 1163 1250 1203 Blomf.
1283 1163 1355 1203 sed
1384 1164 1451 1204 ubi
1481 1176 1573 1217 pars
1601 1169 1695 1205 tan-

161 1238 241 1275 tum
273 1239 425 1286 prostat
461 1246 484 1273 e
525 1234 786 1274 Constantino
824 1234 1028 1285 Lascare‚
1072 1236 1269 1289 integrum
1313 1247 1366 1276 ex
1405 1236 1694 1277 Choerobosco

159 1305 333 1346 Bekkeri
362 1305 410 1345 A.
445 1304 512 1345 Gr.
541 1304 603 1345 111.
641 1317 679 1356 p.
718 1305 840 1345 1209.
873 1317 1063 1356 appono:

371 1374 486 1417 ἔστιν
514 1372 616 1424 ἕδος
645 1374 717 1417 καί
742 1381 855 1431 γαΐα,
886 1378 957 1416 καί
985 1375 1211 1431 ὀητῇτειρα
1242 1375 1431 1428 κάμινος.

159 1449 219 1490 De
247 1449 366 1502 figulo
398 1450 543 1502 aliquo,
572 1453 613 1488 ut
644 1452 751 1500 puto.
811 1448 859 1490 Et
891 1448 939 1488 de
971 1448 1104 1501 figulo,
1135 1448 1316 1488 Vulcano
1347 1448 1569 1489 Pandoram
1600 1450 1694 1490 effi-

160 1523 297 1570 cturo,
331 1518 531 1560 Hesiodus
561 1518 661 1572 Opp.
692 1517 759 1559 61.
801 1523 927 1571 γαῖαν
960 1514 1053 1556 ὕδει
1089 1515 1254 1571 φύρειν.
1320 1518 1437 1571 Apud
1469 1520 1695 1561 Bckkerum

157 1602 235 1632 una
265 1590 416 1644 syllaba
449 1590 659 1630 deficiente
700 1587 864 1642 ὀπτῆρα
898 1589 1055 1642 legitur.
1117 1587 1344 1641 ὀπτιῇτειρα
1377 1602 1508 1631 meum
1548 1593 1695 1632 inven-

162 1666 242 1702 tum
273 1666 358 1713 est,
388 1662 428 1702 in
468 1672 546 1715 quo
579 1660 775 1713 duplicem
808 1660 1046 1714 elegantiam
1066 1690 1077 1711 ,
1116 1664 1156 1699 et
1200 1660 1373 1701 fortasse
1412 1664 1694 1715 proprietatem

160 1739 305 1785 poetae
335 1733 475 1783 huiuS‚
505 1733 715 1774 observari
743 1733 875 1773 velim.
918 1745 1009 1772 nam
1038 1737 1078 1772 et
1120 1732 1248 1773 forma
1283 1732 1411 1785 haec,
1445 1733 1692 1790 ὀπτὴτειρα,

159 1805 307 1857 aliquid
340 1805 568 1857 elegantiae
595 1804 741 1845 habet:
770 1805 833 1846 cui
864 1804 1053 1857 geminae
1081 1808 1171 1844 sunt
1200 1805 1239 1844 in
1260 1804 1437 1857 reliquiis
1460 1818 1558 1858 quas
1585 1818 1693 1846 nunc

157 1877 350 1918 habemus
384 1875 630 1926 Callimachi,
661 1872 1001 1928 εἠιθυμήτειραι,
1029 1872 1278 1929 θηρήτειρα,
1309 1874 1525 1929 ἀρήτειρα,
1558 1873 1692 1931 λῄτει-

160 1962 253 1998 ραι,
286 1943 574 1999 ἐμηελάτειρα.
613 1951 652 1986 et
683 1946 879 1998 exquisita
909 1949 970 1984 est
1001 1945 1258 1987 coniunctio:
1305 1939 1533 1997 ὅπτήτειρα
1563 1943 1692 1996 κάμι-

159 2032 252 2068 νος,
293 2021 335 2056 ut
365 2017 402 2057 h.
433 2017 474 2056 in
503 2016 588 2056 Del.
622 2015 714 2056 230.
757 2016 869 2055 κύων
910 2040 962 2046 -—
1007 2014 1266 2067 θηρήτειρα,
1309 2014 1347 2055 h.
1381 2015 1420 2054 in
1450 2016 1566 2055 Dian.
1597 2016 1690 2056 207.

160 2088 373 2141 θηρητῆρε
392 2116 413 2123 -
433 2084 540 2126 κύνε.
600 2087 791 2127 Senserat
820 2085 1058 2138 elegantiam
1086 2086 1266 2134 Nonnus,
1295 2086 1360 2137 qui
1390 2090 1430 2124 et
1459 2087 1620 2127 nomina
1649 2088 1690 2128 in

161 2173 255 2210 ειρα
286 2158 404 2198 multa
434 2157 565 2208 habet,
593 2169 759 2209 quorum
790 2157 980 2198 nonnulla
1013 2157 1171 2197 multum
1205 2157 1441 2209 frequentat,
1472 2162 1512 2197 et
1537 2162 1689 2210 partem

159 2231 279 2270 etiam
312 2230 622 2269 communicavit
657 2241 745 2269 cum
781 2229 1048 2269 sectatoribus
1093 2229 1204 2279 suis,
1236 2228 1392 2278 Paullo,
1423 2227 1573 2268 Ioanne
1605 2228 1690 2269 Ga-

155 2315 281 2353 zaeo,
313 2301 504 2343 colutho:
553 2299 826 2354 ἂλεξήτειρα,
851 2298 1151 2354 α’πειλὴτειρα,
1177 2301 1418 2352 γενέτειρα,
1465 2299 1688 2352 δμήτειρα,

157 2370 367 2426 ἐλάτειρα,
399 2371 613 2426 ἡγήτειρα,
643 2373 886 2425 θρέπτειρα,
914 2369 1223 2424 κατευνήτειρα,
1253 2370 1566 2422 κυβερνήτειρα,
1595 2371 1689 2410 ναέ.

155 2460 287 2498 τειρα,
317 2440 525 2496 ὀλέτειρα,
561 2443 881 2495 παιδολέτειρα,
913 2443 1256 2494 πανδαμάτειρα,
1289 2438 1595 2494 προηγήτειρα,
1627 2455 1688 2480 τι·

159 2514 400 2569 θηνήτειρα,
430 2512 760 2567 ὑποδρήστειρα,
798 2514 1029 2569 (ἀρήτειρα
1062 2514 1164 2566 apud
1191 2514 1394 2555 Musaeum
1427 2517 1466 2552 et
1505 2512 1689 2552 Christo-

158 2587 346 2636 dorum);
379 2591 418 2625 et
439 2590 543 2625 amat
566 2584 680 2625 talia:
714 2584 989 2638 α’λεξήτειραν
1019 2583 1120 2639 ἰωήν
1136 2584 1274 2625 ΧΧΙΙῙ.
1300 2583 1388 2624 162.
1422 2582 1688 2634 ἀλεξήτειραν

156 2655 336 2707 α’νάγκην
366 2655 542 2696 XXXVI.
580 2654 671 2694 142.
716 2653 1185 2708 ψυχὴν-ἀλεξήτειραν
1217 2654 1370 2707 Evang.
1404 2652 1461 2692 10.
1501 2650 1584 2690 XV.
1619 2648 1684 2689 13.

161 2723 601 2778 ιίπιειλήτειραν-ἰωήν
628 2726 752 2768 XXX.
782 2726 848 2765 40.
879 2725 1184 2767 XXXVt[.306.
1219 2725 1364 2766 Ev.10.
1394 2723 1440 2765 lt.
1470 2721 1532 2760 18.
1561 2721 1686 2765 dust-

156 2794 325 2847 λήτειρα
355 2797 530 2848 γενέθλη
558 2797 630 2836 Εν.
661 2797 720 2836 ΙΟ.
751 2795 835 2835 XV.
868 2797 934 2839 20.
967 2795 1200 2849 α’στεροηὴν
1231 2797 1442 2847 όλέτειραν
1469 2789 1568 2832 Vlll·
1590 2791 1685 2831 390-
