1856 3126
764 81 1069 119 —104—

155 196 292 249 αὐτὴν
328 199 520 249 κωμῆται
554 195 700 236 κάλεον
732 199 978 250 περιηγέες,
1017 199 1230 239 manifeslo
1267 198 1317 238 de
1349 210 1398 239 e0
1433 202 1546 248 sunt,
1580 200 1686 252 quod
1733 224 1746 228 —

156 275 249 310 ante
282 268 496 308 adventum
538 269 682 308 Thesei
729 269 857 308 fuerit.
930 270 1025 310 Illud
1061 271 1136 310 iam
1181 272 1340 319 monui,
1385 269 1592 310 Plutarcho
1636 270 1691 311 ibi

156 353 254 389 non,
286 338 391 392 quod
421 339 596 391 Toupius
626 340 884 392 opinabatur,
912 341 1219 393 Callimachum,
1250 341 1322 381 sed
1355 342 1564 381 obversari
1595 340 1692 381 Phi-

159 409 379 450 lochorum.
442 410 529 456 Quo
561 412 754 452 evertitur
789 417 1079 464 argumentum,
1112 413 1217 464 quod
1240 424 1352 453 suam
1382 414 1422 452 in
1456 414 1692 452 sententiam

160 483 334 534 'l‘oupius
365 483 551 534 captabat
593 496 644 522 ex
686 485 944 523 similitudine
975 485 1190 525 verborum
1228 484 1459 525 Callimachi
1501 485 1695 536 κωμῆται

157 556 379 607 περιαγέες
409 567 440 594 s.
473 557 702 607 περιηγέες,
732 562 769 596 et
800 557 996 597 Plutarchi
1024 555 1061 598 οἱ
1094 560 1214 610 πέριξ
1249 557 1385 610 δῆμοι.
1444 556 1599 597 Deinde
1620 556 1696 595 etsi

158 639 278 666 nemo
317 628 527 679 negaverit
564 626 667 667 hene
713 634 914 669 versatum
951 630 991 669 in
1031 629 1273 670 Callimacho
1323 631 1448 670 fuisse
1487 629 1694 680 Toupium‚

159 704 293 739 tamen
337 699 452 739 metri
491 700 674 751 peritiam
718 701 976 742 Callimachei
1010 703 1198 743 desidero
1243 703 1282 741 in
1329 703 1559 742 coniectura
1605 700 1696 750 hac,

160 784 237 824 qua
268 771 333 811 ille
365 771 417 811 ita
450 772 663 826 legendum
696 777 815 824 atque
846 773 1120 823 ampliandum
1142 773 1270 813 videri
1303 773 1433 812 locum
1465 771 1627 811 scribit:

782 842 1052 886 ‘Exa'izvvav'
1094 846 1218 886 τοῦτο
1242 844 1322 898 γὰρ
1359 842 1491 897 αὐτὴν

428 918 625 971 κωμῆται
655 916 804 957 κάλεον
834 918 1061 970 περιηγέες.

164 988 341 1040 Spondet
377 1000 464 1027 cum
495 1000 664 1027 caesura
688 989 726 1027 in
757 992 898 1039 quarto
930 987 1033 1038 pede
1065 992 1142 1026 tam
1172 999 1263 1026 rara
1294 986 1397 1037 apud
1417 986 1697 1026 Callimachum

165 1059 347 1112 exempla
380 1064 493 1109 sunt,
532 1064 573 1098 ut
614 1059 810 1110 piaculum
852 1060 928 1105 sit,
971 1058 1239 1097 coniectando
1277 1058 1494 1097 obtrudere
1539 1063 1699 1109 poetae,

165 1133 274 1185 quod
307 1131 372 1171 ille
404 1131 495 1171 data
527 1143 650 1183 opera
683 1142 730 1170 ac
760 1130 1068 1182 prudentissime
1101 1130 1316 1182 defugerit.
1376 1129 1499 1169 Huius
1529 1129 1700 1181 spondei

167 1206 259 1246 dico
278 1238 287 1253 ‚
318 1211 357 1246 et
386 1205 502 1245 huius
534 1216 729 1244 caesurae
748 1235 758 1253 ,
790 1216 905 1256 quam
945 1204 1003 1242 sic
1046 1203 1218 1254 positum
1243 1199 1490 1242 Ἓκάλινναν
1534 1202 1702 1243 faceret.

166 1279 263 1318 Nam
291 1289 412 1329 posse
443 1277 483 1316 in
515 1289 563 1317 ca
585 1287 727 1316 versus
757 1276 854 1316 sede
885 1275 1106 1327 spondeum
1136 1287 1224 1314 cum
1246 1286 1415 1314 caesura
1442 1275 1551 1326 poni,
1581 1275 1702 1314 etiam

169 1362 189 1388 a
222 1349 493 1397 Callimacho,
533 1354 572 1388 et
602 1362 678 1401 qua
708 1349 835 1401 possit
867 1348 1100 1386 conditione
1129 1347 1246 1398 poni,
1279 1346 1459 1397 exempla
1502 1347 1703 1386 docebunt

168 1422 295 1461 haec:
326 1422 363 1461 h.
396 1422 478 1462 Iov,
511 1422 578 1462 78.
610 1422 649 1461 h.
681 1422 796 1464 Dian.
829 1421 893 1460 99.
930 1421 967 1460 h.
999 1421 1085 1460 Del.
1117 1422 1155 1458 4.
1187 1419 1279 1459 298.
1315 1418 1351 1457 h.
1383 1418 1471 1458 Cer.
1501 1416 1701 1459 193124.

170 1499 209 1534 et
242 1506 343 1546 quae
375 1494 477 1543 alia,
504 1505 589 1533 non
617 1492 735 1532 multa
765 1491 951 1544 quidem,
985 1491 1057 1531 scd
1098 1491 1248 1530 idoneo
1289 1500 1476 1540 numerO,
1523 1489 1701 1529 eiusdem

169 1565 349 1617 generis.
412 1564 464 1603 At
492 1564 587 1603 huic
617 1562 799 1615 exemplo
824 1558 1078 1602 εΙῑίκάλινναν
1104 1564 1109 1615 Ι
1137 1562 1278 1601 similia
1309 1573 1358 1601 ac
1390 1562 1512 1613 paria,
1544 1566 1704 1612 praeter

170 1637 208 1677 h.
241 1637 315 1689 Ap.
344 1635 411 1678 40.
443 1634 486 1677 ἐν
516 1631 662 1685 ἄστει,
708 1633 774 1674 ubi
805 1638 916 1673 recte
949 1634 1191 1683 Santenius‚
1232 1632 1468 1682 Iacobsius‚
1501 1631 1705 1671 Blomfiel-

172 1709 286 1758 dius,
317 1708 631 1748 Boissonadius:
663 1707 706 1746 ἐν
740 1700 882 1758 ἄστεϊ,
917 1705 1022 1756 quod
1054 1706 1178 1756 ipsum
1213 1705 1359 1744 editum
1393 1704 1432 1743 in
1464 1703 1706 1755 antiquiori-

171 1783 245 1822 bus
279 1780 506 1821 Callimachi
545 1779 873 1831 exemplaribus,
904 1782 1016 1818 certe
1056 1777 1100 1819 H.
1133 1777 1323 1829 Stephani
1367 1780 1444 1816 tam
1490 1776 1529 1814 in
1572 1775 1705 1815 Poetis

171 1855 337 1907 princip.
369 1866 403 1894 c.
436 1853 474 1893 h.
507 1864 623 1904 quam
664 1853 701 1891 in
735 1852 827 1892 edit.
864 1851 1011 1891 Callim.
1055 1850 1173 1891 1577.
1214 1854 1253 1888 et
1284 1849 1325 1888 B.
1358 1848 1543 1887 Vulcanii
1582 1859 1705 1899 repe-

171 1927 248 1972 rio,
279 1939 326 1965 ac
359 1926 427 1966 suit
457 1927 495 1964 in
520 1925 610 1964 cod.
630 1924 784 1963 Veneto
816 1923 917 1973 apud
937 1922 1191 1969 Santeuium3
1222 1924 1261 1958 et
1283 1924 1444 1971 praeter
1466 1919 1704 1971 Fragmenta

171 1998 322 2037 LXVII.
347 1998 384 2038 3.
418 1997 588 2037 CXXIV.
614 1989 651 2035 Ω,
681 1997 720 2036 in
752 1995 893 2046 quibus
916 1994 1018 2033 male
1048 1993 1264 2042 ferebatur,
1294 1991 1356 2031 vel
1380 1991 1592 2031 etiamnum
1617 1991 1704 2029 fer-

173 2074 236 2109 tur
263 2067 405 2121 ἕρχητ’
433 2074 472 2109 et
503 2069 673 2119 πέτρου,
709 2066 811 2106 haec
845 2070 991 2105 tantum
1023 2069 1200 2115 exstant,
1229 2064 1266 2104 h.
1298 2064 1384 2105 Del.
1417 2061 1511 2101 226.
1543 2061 1580 2101 h.
1613 2062 1702 2102 Cer.

175 2141 265 2182 130.
298 2141 453 2194 Fragm.
487 2140 580 2180 CVI.
612 2140 650 2179 3.
685 2139 794 2179 CCll.

336 2211 443 2252 ἀλλὰ
478 2216 604 2267 φίλη,
637 2211 814 2251 δύνασαι
841 2208 947 2262 γάρ,
979 2207 1154 2259 ἀμύνειν
1180 2209 1184 2260 Ι
1213 2205 1359 2245 πότνια
1390 2203 1574 2250 δούλοις.

340 2285 468 2324 τᾶσδε
500 2280 801 2337 τελεσφοριάς·
832 2280 928 2321 nori
955 2279 1030 2321 τάν
1061 2281 1164 2319 &siv
1191 2280 1196 2330 Ι
1225 2274 1348 2329 ἄχρις
1379 2274 1591 2327 ὁμαρτεῖν.

339 2350 473 2394 «invoa
503 2355 618 2393 πάντ’
650 2355 832 2406 ἐγένοντο
864 2350 1138 2404 παραχρῆμ’·
1167 2351 1173 2402 l
1200 2344 1306 2388 ὅσσα
1338 2352 1371 2386 τ’
1403 2345 1600 2387 ὀδόντων.

333 2423 499 2476 Ῥήγιον
531 2419 634 2465 ἄστυ
664 2422 796 2463 λιπών
831 2422 1036 2464 ’[οκάστου
1064 2423 1069 2476 ἱ
1098 2421 1322 2461 Αἰολίδαο.

171 2498 230 2536 De
261 2508 338 2548 quo
372 2508 538 2537 numero
571 2498 605 2536 si
638 2495 860 2547 dempseris
889 2495 925 2534 h.
957 2495 1044 2533 Cer.
1084 2493 1172 2533 130.
1206 2492 1273 2531 uhi
1303 2492 1410 2530 θεῦν
1442 2490 1612 2529 fortasse
1651 2488 1704 2528 li-

174 2564 309 2604 brario
340 2566 509 2606 debetur
534 2566 634 2605 male
666 2566 831 2605 memori
863 2576 914 2603 ex
943 2576 1063 2604 versu
1093 2564 1300 2615 superiore
1321 2564 1386 2602 5⁵5.
1420 2561 1584 2600 doricae
1614 2562 1701 2599 for-

175 2648 262 2674 mae
283 2638 397 2686 θεῦς,
428 2643 467 2676 at
498 2639 537 2677 in
568 2643 686 2690 pocta
717 2649 798 2676 non
828 2641 975 2676 tantum
1000 2647 1150 2675 censeo
1179 2647 1354 2675 amorem
1383 2633 1545 2673 dorismi
1566 2632 1701 2681 fuisse,

172 2711 212 2745 ut
256 2707 333 2745 hoc
364 2708 565 2760 maluerit,
600 2707 674 2748 τάν
703 2708 830 2759 θεῦν,
863 2720 977 2760 quam
1022 2707 1128 2759 quod
1174 2719 1225 2745 ex
1268 2706 1346 2745 MS.
1385 2705 1537 2743 Veneto
1569 2703 1701 2743 Loes-

174 2789 294 2817 ncrus
319 2781 537 2826 annotavit,
569 2781 766 2822 alacriore
797 2791 974 2829 numero,
1003 2777 1080 2819 τὰν
1099 2776 1222 2826 Smin,-
1252 2775 1398 2816 deinde
1421 2776 1454 2815 si
1477 2776 1699 2829 dempseris
