1856 3126
724 178 777 185 —
836 157 1027 196 25:3—

101 277 253 316 misera
281 276 482 317 hominum
508 275 806 327 imprudentia,
837 277 903 328 qui
934 274 1025 315 dum
1056 273 1144 313 aliis
1173 274 1379 320 metuunt,
1410 280 1521 309 suum
1552 277 1634 307 non

104 349 243 388 vident
281 349 515 401 periculum.
577 347 740 388 Homer.
784 347 824 387 h.
859 347 948 387 Cer.
980 346 1073 386 257.
1117 342 1256 397 νήϊδες
1300 337 1519 392 ἄνθρωποι
1564 339 1638 379 καί

104 419 378 473 α’φράὸμονες
424 414 510 458 οἵτ’
551 418 729 470 ἀγαθοῖο
813 413 938 459 αἶσαν
983 417 1269 468 ἐπερχομένου
1319 409 1636 464 προγνώμεναι,

104 485 197 530 οὔτε
231 495 385 530 κακοῖο.
446 488 710 540 Tryphiodor.
741 488 836 528 310.
869 488 1063 540 σχέτλιον
1084 484 1313 539 α’φραδέων
1345 483 1542 534 μερόπων
1569 481 1638 533 γέ-

107 576 206 613 νος,
249 556 356 601 οἷσιν
391 560 546 613 ὀμίχλη
631 554 811 606 ἄσκοπος
857 559 1109 608 ἑοσομένων.
1160 555 1210 595 cs.
1256 555 1289 594 Si
1333 555 1483 606 placet,
1515 552 1637 604 Orph.

108 633 263 685 Fragm.
297 631 442 672 XXXI.
477 630 515 670 6.
546 642 607 683 sq.
696 629 793 670 Illud
829 629 1037 678 incertum,
1070 628 1119 667 dc
1151 638 1294 666 caussa
1328 627 1480 674 mortis,
1509 629 1638 665 utrum

107 705 193 757 plus
219 708 337 756 poeta
368 704 483 743 annis
514 715 563 742 an
597 702 799 742 desiderio
833 713 881 742 ac
911 699 1170 741 sollicitudini
1203 699 1398 738 tribuerit.
1458 696 1635 737 Coniun-

107 780 243 825 xerat,
274 779 316 816 ut
345 780 466 828 puto⁷
494 779 716 827 utrumque.

825 976 923 1017 vlu.

225 1141 404 1181 Theseus
432 1143 588 1181 interea
622 1139 850 1180 debellabat
890 1144 1058 1179 taurum.
1133 1138 1267 1192 Pergit
1308 1139 1411 1178 istuc
1443 1136 1645 1176 Theseus:

115 1214 332 1265 descriptio
368 1214 549 1253 itineris:
575 1212 803 1265 speculatur
831 1212 946 1262 loca,
976 1216 1298 1264 prorumpentem
1327 1210 1538 1249 immanem
1571 1210 1648 1249 be·-

114 1285 217 1326 luam
251 1285 423 1337 excipit3
463 1285 735 1339 congreditur.
796 1285 845 1324 Et
876 1284 1009 1324 itineri
1051 1283 1143 1322 huic
1186 1282 1345 1335 quidem
1391 1293 1494 1333 quae
1537 1282 1646 1321 assi-

111 1362 285 1411 gnentur
314 1357 538 1410 fragmenta
571 1358 677 1398 nulla
708 1362 810 1398 sunt.
871 1357 955 1397 Nisi
988 1355 1091 1395 sorte
1125 1368 1186 1405 ea,
1222 1355 1272 1394 de
1304 1355 1445 1406 quibus
1479 1354 1572 1406 Cap.
1600 1353 1646 1392 Π.

111 1442 150 1483 p.
179 1430 245 1471 60.
282 1434 322 1469 et
353 1430 444 1481 Cap.
465 1430 525 1469 1v.
560 1442 597 1482 p.
619 1429 684 1470 99.
708 1441 766 1481 sq.
801 1429 1053 1481 disputatum,
1085 1427 1225 1467 Lvu÷÷.
1258 1431 1298 1466 et
1327 1426 1463 1466 cch.
1502 1426 1651 1477 Τρινὲ-
1703 1414 1712 1419 “

112 1518 229 1556 μεια,
259 1506 298 1541 et
328 1500 511 1542 ἑννότιον
545 1503 819 1553 Μαραθῶνα.
877 1501 966 1541 Νοη
998 1501 1160 1553 longum
1194 1501 1269 1540 iter
1298 1499 1422 1539 fuisse
1456 1499 1647 1537 monitum

82 1584 84 1587 ·
116 1575 210 1627 Cap.
241 1573 304 1613 lv.
336 1585 372 1625 p.
403 1572 468 1613 99.
525 1572 605 1613 Sed
637 1573 896 1612 conferantur
926 1583 1027 1624 quae
1061 1571 1294 1624 scripsimus
1328 1571 1421 1623 Cap.
1442 1570 1505 1609 Vl.
1539 1573 1642 1609 extr.

226 1645 268 1685 ln
299 1645 495 1698 principio
522 1657 680 1698 pugnae
709 1645 833 1697 ipsius
864 1645 1024 1685 colloco
1057 1645 1338 1697 Fragmentum
1371 1643 1431 1683 LI.
1462 1643 1500 1682 b.
1511 1643 1538 1667 ⁴¹·

387 1710 556 1768 ἄρκιος,
588 1711 612 1769 ἢ
643 1717 857 1770 χείρεσσιν
881 1714 985 1757 ἔλων
1016 1717 1236 1770 Αἰδὴψιον
1266 1710 1344 1769 ἆορ
1377 1740 1453 1755 --.

117 1789 263 1832 SimiHs
294 1788 408 1829 color
436 1788 516 1828 loci
546 1788 763 1840 Homerici,
800 1789 840 1830 ll.
874 1789 900 1829 1.
939 1789 1030 1830 189.
1063 1801 1148 1841 sqq.
1180 1816 1233 1822 —
1262 1786 1536 1841 μερμήριξεν,
1625 1781 1653 1839 ἢ

118 1857 189 1914 ὅγε
232 1859 444 1915 φάσγανον
488 1859 561 1909 6ξὺ
601 1857 888 1914 ἐρυσσάμενος
932 1858 1048 1913 παρὰ
1084 1862 1221 1915 μηροῦ
1255 1864 1332 1900 etc.
1379 1864 1418 1899 et
1459 1859 1644 1899 aliorum.

122 1933 198 1973 Od.
228 1932 277 1972 X.
303 1932 398 1974 438.
431 1944 490 1985 sq.
551 1933 719 1981 Quintus
749 1933 904 1986 Smyrn.
934 1933 962 1974 Ι.
994 1934 1088 1974 601.
1124 1946 1183 1986 sq.
1255 1933 1512 1973 Deliberubat
1539 1931 1650 1971 The-

123 2018 232 2055 seus‚
262 2010 393 2045 utrum
424 2009 573 2045 tantum
602 2005 771 2056 valeret,
801 2010 842 2045 ut
861 2005 1044 2045 manibus
1068 2005 1362 2058 aggrederetur
1392 2004 1575 2053 belluam,
1606 2014 1656 2042 an

126 2079 323 2130 arriperet
353 2089 504 2117 ensem.
565 2072 711 2130 ἄρκιος
741 2090 820 2118 non
847 2083 1051 2130 paratus,
1080 2079 1151 2119 sed
1182 2078 1377 2128 idoneus,
1412 2077 1479 2128 qui
1508 2074 1662 2126 aliquid

122 2154 268 2203 potest.
328 2149 596 2189 Callimachus
628 2150 667 2189 h.
698 2150 785 2191 Cer.
814 2151 880 2191 35.
923 2150 1083 2198 πάντας
1121 2152 1155 2191 δ’
1187 2149 1532 2202 ἅνδρογίγαντας,
1560 2144 1661 2188 ὅλοιν

130 2219 252 2261 πόλιν
283 2220 427 2273 α’ρκιός
459 2213 563 2273 ἆραι
635 2220 692 2260 Cf.
721 2222 833 2262 Arat.
863 2221 958 2264 460.
987 2223 1116 2275 Apoll.
1138 2222 1265 2262 Rhod.
1288 2222 1332 2261 ll.
1363 2220 1458 2260 799.
1491 2219 1660 2260 Nicand.

129 2293 250 2333 Ther.
275 2292 368 2334 508.
401 2292 567 2332 Nonnus
588 2291 767 2331 XXXVI.
790 2293 883 2333 253.
971 2293 1188 2334 Infeliciter
1207 2291 1414 2332 Berkelius
1446 2291 1495 2330 ad
1524 2290 1661 2342 Steph-

133 2363 227 2415 Byz.
260 2365 408 2401 tentat:
440 2360 650 2414 Ἀκρίσιος
687 2363 900 2415 χείρεσσιν
931 2359 1038 2404 ἑλών
1077 2365 1177 2405 Aio.
1208 2359 1247 2404 ἆ,
1340 2364 1452 2404 Alius
1495 2362 1663 2403 ridicule

135 2430 285 2486 ἄρκιος
314 2434 433 2472 vertit
459 2434 802 2484 septentrionalis,
837 2436 949 2487 quasi
969 2429 1150 2487 ἄρκτιος.
1236 2437 1296 2477 De
1324 2435 1525 2486 Aeclepsz'o
1555 2446 1666 2484 ense,

134 2517 215 2545 non
249 2516 340 2544 esse
372 2504 575 2555 epitheton
611 2518 846 2547 commune:
883 2507 976 2560 Cap.
1007 2507 1071 2547 Ill.
1102 2520 1138 2559 p.
1172 2508 1237 2551 75.

249 2576 318 2615 llle
351 2587 449 2615 vero
491 2576 698 2616 confidens
730 2577 869 2617 robori
899 2589 1106 2627 manuum,
1143 2579 1334 2630 corripuit
1363 2582 1537 2627 taurum,
1567 2586 1667 2627 per-

140 2648 302 2688 domuit.
361 2646 393 2687 E
427 2647 702 2689 Callimacheis
733 2649 811 2689 huc
844 2651 1043 2702 pertInent
1073 2650 1229 2702 Fragm.
1264 2647 1464 2687 CCXLIX.

407 2719 540 2774 θηρός
566 2718 757 2774 ἑρωήσας
789 2720 910 2762 ὀλοὸν
939 2721 1074 2772 κέρας.

142 2795 181 2830 et
206 2790 420 2832 CCLXXV.

538 2859 559 2901 ὁ
591 2863 670 2914 μὲν
702 2856 859 2914 εἷλκεν,
888 2860 907 2904 ὃ
939 2863 978 2903 δ’
1012 2862 1146 2902 εἵπετο
1181 2859 1343 2916 νωθρὸς
1372 2860 1527 2915 ὁδίτης.
