1856 3126
753 121 1054 158 -277--ν

148 239 209 279 lv.
244 239 326 279 init.
359 222 587 291 proposita,
621 239 726 291 quod
757 253 777 279 a
809 239 973 279 muliere
1011 250 1157 278 nomen
1187 237 1415 278 translatum
1448 235 1484 275 in
1517 245 1658 286 pagum

127 312 221 361 sit,
249 311 288 351 id
313 311 467 351 Theseo
496 311 657 351 iubente
689 312 831 352 sactum
863 324 967 352 esse.

259 382 322 422 Ad
351 383 544 428 honorem
576 388 665 435 post
692 388 857 423 mortem
883 383 1058 422 habitum
1079 381 1250 422 Hecalae
1278 382 1449 434 pertinet
1481 377 1658 433 ἦρωῖὸος

151 454 251 505 apud
282 454 542 506 Etymologos
571 454 810 506 Suidamque
841 454 1063 505 appellatio.
1371 456 1377 464 “

254 526 307 566 Α1
337 525 440 565 hanc
473 526 629 566 felicem
663 527 933 567 coniecturam
965 538 1056 566 esse
1087 526 1314 566 fatebuntur
1335 535 1489 574 omnes,
1517 535 1661 575 super-

150 607 241 636 esse
273 609 428 648 versus,
460 597 602 650 quibus
635 598 807 637 Hecalae
838 601 1016 636 mortuae
1046 596 1219 636 ultimum
1249 596 1339 635 vale
1367 595 1525 634 dicebat
1553 592 1661 632 The-

148 679 255 710 seus.
298 669 467 727 fragm.
499 670 703 723 (ΣΧΧΧΙ.11

713 739 799 792 ἴθι,
829 745 981 795 πρηεῖα
1010 741 1235 793 γυναικῶν,

409 810 483 866 τὴν
510 810 630 863 ὁδόν,
663 810 715 866 ἣν
746 812 862 852 ἆνιάι
897 811 1132 864 θυμαλγέες
1160 810 1212 851 οὔ
1239 809 1459 864 περόωσιν.

411 883 582 924 πολλάκι
614 886 709 935 σεῖ’,
744 878 776 926 ὦ
805 890 940 938 μαῖα,
970 886 1222 938 φιλοξείνοιο
1254 886 1400 935 καλιῆς

408 956 683 1012 μνησόμεθα·
712 956 836 1008 ξυνὸν
864 953 1177 1012 γὰρἰἐπαύλιον
1202 952 1322 995 ἔσκεν
1347 951 1518 994 ἅπασιν.

146 1013 311 1072 Exstant
341 1031 446 1085 apud
473 1031 633 1072 Suidam
670 1043 708 1070 V.
737 1028 937 1069 Ἐπαύλια
956 1061 966 1077 ,
997 1030 1085 1069 sine
1114 1028 1276 1069 nominc
1309 1027 1563 1077 Callimachi,
1591 1027 1663 1066 sed

113 1088 296 1143 'diserte
338 1104 469 1144 addit:
516 1102 614 1156 περὶ
641 1100 822 1155 Ἓκάλης
860 1101 1084 1155 θανούσης.
1161 1103 1285 1150 Quem
1330 1102 1459 1142 locum
1504 1100 1665 1151 protulit
1711 1146 1713 1148 ,

147 1177 460 1228 monstravitque
499 1176 685 1216 Ernestio
727 1175 1012 1215 Ruhnkenius:
1060 1175 1200 1226 Epistt.
1239 1174 1452 1216 Tittmann.
1495 1184 1532 1224 p.
1573 1172 1660 1211 101.

146 1248 227 1290 Nos
271 1249 386 1300 primi
428 1261 573 1288 nexum
616 1248 908 1287 declaravimus
952 1247 1170 1299 sedemque
1215 1246 1509 1298 assignavimus
1552 1257 1664 1284 suam

147 1321 329 1360 versibus
360 1319 680 1373 elegantissimis.
740 1320 983 1372 Quamquam
1015 1331 1139 1371 prope
1169 1318 1219 1358 ad
1248 1329 1386 1356 verum
1417 1311 1672 1366 accesserat,v

147 1390 253 1442 quod
295 1401 386 1430 sero
435 1386 721 1441 animadverti,
768 1390 974 1430 lacobsius
1021 1390 1060 1429 in
1107 1390 1354 1443 Crinagorae
1399 1389 1535 1443 Epigr.
1579 1390 1662 1430 XV.

144 1461 356 1502 Animadv.
389 1462 473 1502 Vol.
503 1461 552 1501 ΙΙ.
584 1463 622 1503 P.
646 1462 674 1501 1.
705 1475 741 1515 p.
772 1462 954 1518 39161.
984 1462 1036 1502 id.
1068 1463 1116 1502 ad
1149 1462 1295 1502 Herod.
1329 1463 1408 1502 Att.
1439 1462 1526 1502 Vol.
1546 1463 1591 1502 11.
1622 1462 1660 1502 P.

147 1533 192 1573 11.
221 1546 258 1585 p.
292 1533 386 1573 374.
443 1534 591 1586 Scripsi
618 1546 749 1585 prope
780 1538 1026 1585 accesserat,
1058 1535 1147 1585 quia
1180 1535 1319 1585 verba,
1351 1535 1492 1587 quibus
1520 1536 1662 1574 utitur:

151 1604 337 1654 Theseus,
368 1603 564 1657 hospitale
593 1605 764 1646 Hecales
792 1606 991 1658 tugurium
1015 1607 1257 1657 relinquens,
1284 1607 1383 1646 haec
1410 1607 1564 1651 dimisse
1595 1607 1663 1646 vi·-

147 1677 274 1728 detur‚
307 1674 500 1718 incertum
530 1679 772 1730 relinquunt⁷
804 1684 932 1719 utrum
963 1679 1013 1719 de
1045 1685 1197 1719 mortua
1230 1680 1378 1719 Hecale
1410 1692 1460 1719 an
1489 1680 1539 1720 de
1569 1681 1661 1720 viva

149 1749 398 1802 cogitaverit.
456 1749 569 1790 Side
601 1755 769 1800 mortua,
801 1749 953 1790 inventi
984 1750 1114 1790 honor
1142 1752 1270 1791 omnis
1300 1751 1403 1804 apud
1435 1751 1659 1791 Iacobsium

149 1826 249 1862 esto.
361 1823 448 1862 Non
482 1827 703 1876 agnoverat
735 1823 910 1871 Hecaten
940 1824 1164 1874 Bentleius‚
1206 1825 1272 1876 qui
1310 1825 1475 1876 primum
1513 1829 1659 1864 tantum

147 1890 435 1934 hemistichium
466 1899 504 1934 et
536 1907 693 1935 versum
726 1895 907 1945 alterum,
942 1908 1028 1935 cum
1061 1897 1222 1935 nomine
1250 1901 1409 1948 poetae,
1442 1900 1579 1936 nosset
1612 1909 1663 1935 ex

134 1950 312 2017 'EtymoL
345 1966 394 2006 M.
431 1980 466 2007 v.
502 1965 703 2014 Θάνατος.
762 1967 971 2007 Addantur
1000 1981 1020 2007 a
1053 1981 1115 2008 me
1153 1969 1318 2020 primum
1348 1969 1494 2020 reperti
1524 1973 1661 2019 testes,

147 2039 330 2094 Meletius
358 2046 431 2088 (ex
458 2039 600 2079 Petreii
631 2041 792 2092 interpr.
824 2041 969 2080 latina:
1000 2054 1091 2081 nam
1121 2042 1157 2080 in
1190 2041 1299 2082 libris
1327 2043 1512 2095 graecis,
1542 2042 1661 2082 etiam

148 2110 326 2150 Crameri
363 2111 517 2163 Apecd.
551 2111 616 2151 Gr.
648 2111 734 2151 Vol.
770 2113 831 2152 111.
872 2126 907 2166 p.
945 2113 1034 2154 138.
1083 2114 1198 2154 deest
1238 2114 1503 2167 fragmentum
1539 2114 1661 2155 Calli-

147 2183 299 2233 machi]
340 2182 441 2236 apud
485 2182 517 2222 1.
552 2182 596 2223 G.
643 2183 933 2225 Schneidermn
974 2185 1156 2225 Analect.
1198 2186 1284 2226 crit.
1324 2186 1363 2226 in
1404 2186 1544 2238 Script.
1580 2172 1658 2226 vet.

142 2255 260 2295 Fasc.
290 2255 317 2294 Ι.
347 2268 384 2307 p.
408 2253 474 2295 74.
505 2267 609 2294 nunc
639 2256 741 2307 apud
771 2257 811 2296 L.
842 2257 1150 2307 Bachmannum‚
1183 2259 1309 2298 virum
1339 2258 1662 2307 eruditissimum,

148 2327 188 2366 in
219 2327 451 2372 Prolusione
483 2327 532 2367 de
562 2315 721 2368 Meletio
761 2329 925 2381 eiusque
965 2330 1181 2382 interprete
1222 2330 1343 2370 latino
1373 2331 1457 2371 Nic.
1488 2331 1660 2381 Petreio,

147 2398 336 2439 Rostoch.
371 2399 488 2440 1833.
522 2412 558 2452 p.
594 2401 657 2440 13.
715 2405 754 2440 61
785 2401 909 2441 Orion
937 2401 1106 2454 Etymol.
1134 2415 1171 2441 v.
1203 2403 1392 2452 Θάνατος
1419 2415 1456 2455 p.
1484 2391 1554 2442 72.

257 2471 395 2512 Habeo
427 2471 551 2522 aliud,
590 2472 640 2512 de
668 2485 745 2525 quo
786 2485 866 2512 non
909 2477 988 2513 tam
1026 2478 1136 2513 certa
1176 2485 1243 2514 res
1287 2478 1359 2513 est.
1419 2473 1491 2513 Vel
1529 2473 1660 2526 potius

149 2554 313 2595 prorsus
343 2544 515 2584 incerta:
550 2544 746 2585 nubecula
775 2556 846 2597 pro
868 2545 1034 2597 lunone,
1055 2549 1097 2585 ut
1122 2546 1207 2598 ipse
1226 2557 1385 2586 vereor.
1442 2546 1663 2599 Fragmen-

151 2620 228 2655 tum
265 2620 326 2655 est
355 2616 560 2657 CCCCXL.
603 2618 712 2666 (coll.
744 2618 980 2658 Valckenar.
1021 2619 1145 2658 Diatr.
1175 2618 1308 2671 Eurip.
1345 2631 1382 2671 p.
1415 2619 1506 2659 281.
1539 2618 1590 2658 A.
1620 2623 1660 2657 et

151 2687 282 2728 Schol.
313 2688 470 2728 Homer.
505 2689 673 2729 Bekkcr.
706 2689 745 2730 Il.
776 2689 824 2729 X.
857 2689 944 2740 67.)

766 2756 899 2812 ἄνωγε
932 2761 979 2800 δὲ
1013 2762 1208 2812 πορθμέα
1242 2763 1412 2813 νεκρῶν.

150 2830 208 2870 De
240 2844 317 2883 quo
348 2832 440 2883 Cap.
464 2831 524 2871 Vl.
552 2844 586 2884 p.
609 2832 699 2872 ⁸251.
737 2836 875 2873 contra
906 2832 1189 2873 Blomsseldium
1223 2833 1303 2874 dixi
1333 2833 1518 2875 breviter.
1578 2836 1663 2889 Ego
