1856 3126
799 93 1099 129 *102—

199 202 285 240 (lori
320 202 411 239 547.
447 203 539 242 5b0.
580 203 698 242 Paulli
727 204 794 245 Sil.
820 201 974 258 Ἐκφρ.
1004 223 1039 247 τ.
1069 225 1112 260 μ.
1143 208 1252 248 ἑκκλ.
1292 207 1338 248 ll.
1373 208 1462 248 10‘2.
1499 208 1589 248 110.
1621 210 1714 249 952.

193 274 315 321 Ἁμβ.
349 273 415 312 84.
477 274 582 312 Unus
614 274 800 314 Manetho
835 276 878 315 11.
904 276 997 317 430.
1038 278 1100 317 vl.
1127 278 1215 320 1-13.
1238 279 1329 320 533.
1359 281 1495 331 τέγοςε
1530 292 1620 318 nam
1655 280 1714 319 sic

197 345 413 395 scripserat
445 346 547 384 haud
581 345 699 385 dubie
727 347 873 399 ubique
905 349 1118 400 lllanetho,
1147 363 1226 390 non
1257 354 1416 402 στέγοςε
1459 352 1510 390 ita
1539 355 1713 403 usurpat,

197 426 276 451 non
307 420 345 453 ut
377 421 542 466 partem,
571 417 642 456 sed
675 423 717 457 ut
746 423 867 459 totum
890 422 1098 472 significet,
1128 422 1205 461 hac
1233 422 1423 473 peculiari
1447 422 1714 474 significatio-

196 496 261 534 ne,
294 483 445 537 οἴκημα
468 489 758 529 meretricium:
790 503 903 542 (piem
924 505 1034 532 usum
1059 493 1250 533 illustrant
1281 493 1427 533 laudati
1448 493 1713 533 Valckenario

197 556 326 596 Anim.
360 558 408 596 ad
439 559 621 600 Ammon.
654 574 689 613 p.
725 563 811 603 178.
871 565 1052 617 Scaliger
1083 567 1123 606 in
1145 568 1319 618 Propert.
1353 577 1387 617 p.
1410 566 1503 606 270.
1563 565 1716 604 casau-

196 626 325 666 bonus
359 629 395 667 in
428 630 589 670 Sueten.
621 632 746 686 Calig.
785 646 818 673 c.
851 635 915 674 57.
960 640 1076 687 atque
1118 637 1203 687 ipse
1244 636 1544 676 Valckenarius.
1611 636 1717 675 Hinc

198 698 365 751 colligas
398 700 502 741 haud
535 703 682 755 inepte,
712 705 815 756 quod
852 707 969 745 etiam
1003 707 1051 746 ad
1085 719 1168 747 rem
1203 707 1298 746 facit
1327 707 1570 757 Callimachi,
1600 708 1717 758 τέγος

197 769 284 807 sive
329 769 493 822 στέγος,
533 773 600 812 ubi
643 774 690 813 de
724 775 970 815 habitatione
1008 776 1154 816 dictum
1195 778 1232 816 in
1277 778 1528 828 universum,
1565 778 1615 818 de
1647 777 1717 816 vili

200 844 344 880 tantum
377 854 494 892 casa,
526 845 705 896 tugurio,
737 846 881 886 dictum
915 859 1018 887 esse.
1078 849 1172 887 Cum
1208 848 1448 888 Manethone
1485 848 1599 899 τέγος
1642 848 1718 887 ista

200 912 518 964 significatione,
549 927 780 967 commune,
813 923 849 957 nt
887 918 961 957 alia
1001 920 1216 968 nonnulla,
1247 920 1421 972 Sibyllae
1464 924 1524 958 est
1563 919 1663 959 locis
1696 931 1719 958 a

200 985 406 1037 Scaligcro
439 987 486 1025 ad
522 988 763 1038 Propertium
796 989 977 1028 indicatis
1012 990 1077 1029 lil).
1108 990 1170 1029 Ill.
1201 995 1239 1029 et
1266 991 1310 1029 V.
1369 990 1472 1030 Add.
1507 990 1721 1029 Dioscori-

204 1057 275 1096 des
306 1057 406 1109 apud
438 1058 661 1097 lacobsium
698 1061 734 1098 in
769 1061 937 1099 Brunck.
963 1061 1258 1113 Anal.Paralip.
1277 1074 1312 1113 p.
1335 1062 1429 1102 706.
1460 1063 1578 1102 Anth.
1601 1061 1721 1102 Palat.

202 1128 245 1167 ll.
279 1141 314 1180 p.
344 1129 437 1167 4‘22.
497 1129 710 1170 Theocrito
743 1130 788 1169 11.
822 1130 911 1170 116.
945 1131 1090 1170 dictum
1124 1132 1174 1171 de
1213 1131 1458 1171 habitatione
1497 1130 1723 1171 Simaethae

203 1201 346 1251 στέγος
388 1211 465 1251 quo
509 1202 593 1240 iure
635 1202 684 1241 ad
726 1202 894 1242 eandem
943 1203 1277 1255 significationem
1315 1202 1602 1243 Valckenarius
1640 1201 1665 1241 l.
1695 1202 1720 1242 l.

202 1277 392 1321 revocet,
424 1272 581 1312 dubium
612 1277 683 1312 est.

317 1343 411 1382 Cum
444 1344 686 1383 Callimacho
718 1345 821 1383 bene
853 1344 880 1383 Ι.
914 1345 1091 1385 Kuhnius
1124 1345 1172 1385 ad
1204 1345 1358 1385 Aelian.
1392 1345 1436 1384 V.
1458 1345 1503 1384 H.
1537 1344 1638 1384 Xtv.
1659 1344 1723 1384 14.

208 1419 411 1466 comparat
441 1414 569 1454 locum
600 1415 853 1454 Homericum
885 1416 926 1455 ll.
960 1417 1020 1456 vt.
1062 1418 1120 1456 13.
1155 1429 1213 1468 sq.
1248 1417 1298 1455 de
1327 1417 1481 1468 Axylo:
1521 1412 1562 1462 ὃς
1593 1413 1727 1455 ἔναιεν

210 1486 429 1541 ἐϋκτιμένῃ
460 1487 503 1525 ἑν
531 1486 726 1542 Ἀρισβῃ,
772 1485 942 1541 α’φνειὸς
978 1487 1160 1538 βιότοιο,
1191 1491 1309 1542 φίλος
1341 1488 1376 1526 δ”
1408 1480 1458 1539 ἦν
1487 1484 1726 1538 α’νθρώποι-

207 1569 298 1595 σιν·
347 1555 506 1603 πάντας
535 1557 616 1608 γάρ
647 1556 890 1610 φιλέεσκεν,
927 1556 1011 1614 ὁδῷ
1041 1556 1106 1598 ἔπι
1148 1558 1256 1599 οἰκιά
1296 1559 1437 1598 ναίων.
1501 1556 1611 1603 Quae
1650 1555 1728 1596 Ob-

207 1632 366 1666 versata
396 1638 487 1666 esse
519 1627 823 1679 diligentissimo
851 1629 1014 1668 Homeri
1042 1629 1182 1670 lectori
1214 1628 1455 1670 Callimacho
1486 1639 1565 1667 non
1594 1628 1726 1678 inepte

209 1699 408 1737 statueris,
466 1697 615 1737 Rursus
648 1698 952 1749 Callimachum,
984 1704 1026 1739 ut
1056 1705 1194 1740 censet
1223 1700 1426 1750 Kuhnius‚
1454 1699 1645 1739 Aelianus
1675 1709 1725 1737 eo

206 1769 297 1808 loco
331 1768 507 1807 imitatam-
533 1770 668 1808 verbis
697 1769 780 1809 his:
824 1769 916 1810 ἐπεὶ
946 1771 991 1812 δὲ
1023 1771 1094 1810 καί
1130 1766 1254 1811 ἄλλον
1284 1767 1395 1811 εἶδεν
1422 1768 1631 1821 εἰσιόντα,
1656 1768 1730 1809 καί

209 1838 362 1890 τρόπον
389 1837 480 1879 τινὰ
513 1835 819 1881 ἄκλειστον
846 1841 979 1881 αὐτοῦ
1012 1841 1086 1895 τὸν
1127 1843 1305 1883 οἰκίαν
1337 1845 1437 1883 πᾶσι
1483 1847 1569 1889 τοῖς
1598 1856 1728 1880 κατα-

209 1907 325 1949 λύειν
355 1912 677 1964 προῃρημένοις,
708 1937 774 1951 ——.
834 1912 990 1952 Certior
1027 1925 1093 1953 res
1134 1918 1195 1953 est
1236 1915 1285 1953 de
1329 1926 1400 1963 eo,
1443 1925 1559 1965 quem
1598 1922 1728 1963 neque

212 1982 338 2032 ipsum
371 1983 607 2022 imitatorem
638 1995 729 2022 esse
760 1984 988 2024 Callimachi
1025 1985 1238 2036 crederes,
1279 1985 1356 2025 nisi
1399 1985 1508 2037 plura
1550 1985 1727 2024 eiusdem

212 2052 318 2091 modi
350 2053 527 2105 exempla
561 2054 610 2093 ad
640 2065 796 2093 manum
826 2060 974 2106 essent,
1009 2060 1223 2096 monstrata
1254 2069 1276 2096 a
1309 2068 1370 2095 me
1403 2055 1517 2107 alibi,
1547 2055 1595 2094 de
1622 2055 1728 2095 Gre-

209 2124 324 2176 gorio
354 2125 572 2177 Theologo.
633 2125 702 2165 Cui
734 2125 995 2166 Callimachus
1028 2132 1118 2166 ante
1150 2127 1288 2167 oculos
1320 2128 1382 2166 vel
1424 2129 1462 2167 in
1496 2130 1628 2166 mente
1657 2123 1729 2163 fuit

212 2195 401 2235 scribenti
433 2196 559 2235 Carm.
590 2196 650 2235 ltt.
684 2196 778 2236 302.
821 2193 941 2244 ὅσαις
978 2199 1127 2251 τέγος
1164 2197 1475 2250 α’κλήϊστον.
1535 2197 1606 2236 Est
1636 2207 1730 2236 rur-

213 2279 279 2305 sus
313 2266 548 2320 ᾰκληϊστοιο
583 2267 718 2322 θύρης
764 2270 864 2321 apud
912 2270 1081 2309 cundem
1121 2270 1188 2310 Xl.
1220 2270 1285 2309 73.
1332 2265 1575 2320 (α’κλήϊστον
1616 2266 1730 2307 aliter

214 2340 340 2377 Carm.
373 2340 489 2378 iamb.
522 2352 557 2391 p.
590 2341 681 2380 259.
716 2341 780 2390 C.)
814 2341 870 2380 Cf.
902 2346 1110 2393 praeterea
1140 2341 1337 2380 Marianus
1366 2340 1500 2379 Schol.
1520 2338 1564 2378 11.
1588 2336 1729 2387 (Anth.

213 2411 290 2450 Pal.
325 2411 366 2450 T.
398 2410 443 2450 ll.
475 2424 511 2463 p.
543 2412 656 2459 93:⁵³.)
690 2414 751 2452 13.
793 2412 895 2452 ἀλλὰ
929 2412 1001 2452 τὸν
1034 2412 1256 2465 α’κλήϊστον
1285 2408 1418 2461 ὅπως,
1448 2413 1561 2461 ξένε,
1589 2405 1647 2461 μή
1678 2423 1731 2458 με

212 2483 422 2537 παρέλθῃς
452 2480 571 2522 τόνδε
600 2482 741 2534 δόμον,
774 2487 886 2535 λιτῆς
918 2485 954 2523 δ’
984 2485 1179 2525 ἀντίασον
1210 2487 1358 2536 ξενιής.
1419 2484 1467 2522 Et
1497 2482 1730 2535 Gregorius,

216 2557 254 2589 nt
288 2556 440 2592 taceam
468 2554 582 2594 locos
613 2555 697 2593 eius
729 2556 843 2605 alios⁷
873 2557 909 2594 in
934 2556 1074 2607 quibus
1103 2558 1216 2608 τέγος
1247 2556 1389 2596 usitate
1412 2559 1560 2606 partem
1590 2552 1730 2592 domus

215 2624 431 2674 significat,
464 2627 592 2665 Carni.
626 2627 742 2666 iamb.
773 2640 811 2679 p.
842 2627 934 2668 236.
966 2629 1012 2668 D.
1052 2629 1116 2668 uhi
1147 2628 1288 2680 στέγος
1327 2628 1466 2667 (lomus
1504 2623 1731 2665 meretricia

214 2698 270 2731 est
291 2725 300 2735 ,
329 2699 367 2732 ul
402 2698 515 2746 τέγος
546 2698 672 2736 Carni.
706 2697 766 2736 lll.
799 2697 895 2736 302.

315 2762 398 2803 ‘1321
418 2766 473 2803 1ἐ).
487 2782 508 2815 ¹5
538 2768 730 2817 appellata
762 2769 899 2807 mulier
928 2769 975 2806 ab
1005 2768 1268 2819 hospitalitate
1302 2768 1382 2807 suit.
1443 2769 1565 2815 Quam
1598 2767 1732 2808 nomi-
