1856 3126
790 111 1099 147 —118-2

171 223 321 263 Hecale
353 223 510 261 Theseo
530 253 540 272 ,
573 227 725 263 taurum
760 224 1006 282 debellatum¹
1033 227 1340 278 Marathoniuim
1370 229 1424 268 ita
1455 233 1547 269 ante
1576 231 1702 282 proti-

175 295 341 333 ciscenti
375 299 513 333 contra
544 294 700 334 leonem
731 296 972 337 Nemeaeum
1003 298 1162 339 Herculi
1195 300 1344 352 hospes
1376 302 1526 354 agresti
1558 302 1701 354 hospi-

173 367 228 405 tio
262 366 401 405 suerat.
461 366 752 408 Animadvertit
785 371 1082 411 similitudinem
1112 372 1286 424 Heynius
1319 374 1369 413 ad
1396 373 1630 426 Apollodor.
1651 373 1696 413 ll.

175 440 215 487 5,
253 439 286 476 1.
355 438 417 477 Me
452 438 501 476 de
543 438 751 480 Molorcho
794 443 958 492 primum
1007 443 1268 485 admonuerat
1306 446 1499 493 Nonnus,
1539 447 1606 486 ubi
1648 447 1699 486 de

172 510 386 559 Broucho,
427 511 638 563 hospitium
668 511 827 551 Baccho
870 513 1110 567 praebente,
1142 515 1257 554 XVII.
1291 517 1355 556 59.
1388 528 1419 555 s.
1452 510 1519 555 οἷα
1555 518 1701 555 Κλεω-

172 582 308 620 νυιόιο
350 583 571 634 φατίζεται
613 582 728 637 α’μφί
767 583 1031 636 ΖΗΘλόρχου,
1113 592 1253 637 κεῖνα,
1301 587 1432 640 τάπερ
1477 585 1702 627 σπεύδοντι

172 651 470 706 λεοντοφόνους
501 655 554 694 δι’
575 654 740 706 ἀγῶνας
771 650 952 694 ὥπλισεν
975 654 1196 711 ἹΙρακλῆϊ.
1254 659 1393 698 Exitus
1425 658 1581 698 fabulae
1615 658 1703 697 dis-

175 725 328 764 similis.
387 724 633 766 lllolorehum
678 727 782 766 enim
827 730 1079 780 superstitem
1123 732 1298 782 repperit
1340 731 1468 771 redux
1504 743 1526 770 a
1568 743 1702 783 pugna

174 795 382 836 Hercules.
442 797 520 835 Sed
565 801 697 837 tamen
745 801 982 841 sacrificium
1031 804 1128 853 suit,
1174 808 1216 843 ut
1260 804 1298 842 in
1343 803 1472 843 sabula
1519 803 1702 843 Hecales.

174 868 470 919 Apollodorus:
504 870 754 921 καταλαβών
788 873 833 912 ὁὲ-
863 872 935 912 ror
971 875 1201 926 [1162092021
1233 877 1276 915 ἐν
1305 877 1357 929 τῇ
1377 873 1596 930 τελευταίᾳ
1625 874 1705 914 τῶν

174 938 344 990 ἡμερῶν
377 940 432 987 ὠς
464 942 592 996 νεκρῷ
627 945 833 992 μέλλοντα
866 943 908 984 τὸ
942 943 1091 997 ἱερεῖον
1122 947 1348 997 ἐναγίζειν,
1381 948 1540 998 Σωτῆρι
1569 943 1706 991 θύσας

176 1011 271 1058 Διΐ,
305 1006 400 1061 ἦγεν
431 1010 488 1056 εἰς
525 1014 733 1063 Μυκήνας
761 1013 831 1054 τὼ»
862 1018 1021 1055 λέοντα.
1081 1016 1334 1055 Convenerat
1363 1017 1608 1055 Molorchum
1638 1017 1705 1056 in-

175 1086 236 1120 ter
277 1086 315 1119 et
349 1082 582 1130 Herculem,
624 1088 665 1122 ut
705 1085 738 1122 si
775 1099 917 1139 sospes
959 1093 1051 1127 ante
1098 1090 1201 1127 diem
1246 1089 1489 1127 tricesimum
1532 1088 1706 1127 redisset

178 1153 395 1203 Hercules,
440 1153 523 1192 Iovi
554 1156 746 1209 Σωτῆρι;
784 1160 845 1198 sin
886 1161 1167 1210 occubuisset,
1197 1161 1271 1212 ipsi
1302 1159 1482 1210 Herculi,
1509 1164 1706 1211 tamquam

176 1222 284 1276 ἥρωι
304 1257 313 1274 ,
344 1237 501 1264 sacrum
532 1225 655 1265 fieret.
716 1227 758 1267 In
791 1242 868 1281 quo
904 1233 1043 1271 mirum
1079 1236 1155 1270 tam
1190 1231 1353 1281 longum
1393 1231 1582 1282 temporis
1611 1240 1708 1281 spa-

179 1296 285 1345 tium,
319 1297 481 1348 triginta
515 1296 689 1351 dierum,
721 1313 838 1352 quum
878 1314 898 1342 a
929 1302 1140 1342 Molorcho
1180 1302 1304 1341 breve
1345 1302 1504 1343 Herculi
1544 1303 1621 1342 iter
1658 1300 1709 1340 ad

177 1368 494 1419 perdomandum
523 1369 681 1410 leonem
712 1372 835 1411 fuisse
864 1373 1059 1412 videatur.
1118 1373 1263 1412 Verum
1300 1372 1379 1411 hoc
1413 1371 1553 1410 melius
1584 1371 1710 1422 Capiti

177 1440 239 1479 Vt.
263 1445 363 1480 extr.
397 1441 685 1492 reservabitur,
718 1444 783 1482 ubi
817 1444 1102 1495 quaerendum,
1134 1457 1250 1496 quam
1285 1444 1350 1483 diu
1373 1444 1565 1492 Theseus,
1596 1447 1711 1494 post-

183 1524 298 1563 quam
331 1513 503 1552 Hecaten
540 1514 788 1565 reliquisset,
821 1515 858 1552 in
887 1519 1000 1554 tauro
1034 1520 1253 1567 occupatus
1283 1515 1412 1553 suerit.
1473 1513 1530 1552 De
1558 1511 1713 1551 Molor-

185 1583 262 1623 cho
295 1586 524 1624 testimonia
556 1586 706 1635 Servii,
738 1586 971 1638 Philargyrii
1003 1587 1051 1625 ad
1085 1586 1318 1638 Ge01·g.111.
1347 1585 1405 1625 19.
1465 1584 1577 1625 Statii
1605 1584 1712 1633 bina,

182 1660 439 1708 veterumque
471 1657 583 1696 Statii
616 1659 889 1709 interpretum,
919 1658 1130 1707 Martialis,
1163 1659 1326 1707 collegit
1358 1657 1631 1698 Broukhusius
1662 1656 1713 1695 ad

183 1727 320 1767 Tibull.
352 1728 412 1767 lV.
448 1731 483 1777 1,
519 1730 580 1768 13.
640 1731 738 1769 Sunt
769 1735 807 1769 et
836 1731 932 1769 alia:
967 1731 1077 1770 Statii
1109 1731 1202 1771 Silv.
1236 1730 1299 1770 llI.
1336 1731 1368 1780 l,
1402 1729 1466 1773 99.
1524 1729 1714 1769 Martialis

185 1800 246 1839 lv,
282 1799 350 1850 64,
385 1801 451 1841 30.
510 1802 699 1853 Stephani
733 1803 827 1855 Byz.
861 1804 897 1842 in
936 1805 1191 1854 Μολορχιά,
1221 1803 1420 1854 Anonymi
1451 1803 1568 1842 Allat.
1611 1801 1714 1854 apud

186 1873 379 1924 Heynium
425 1873 475 1912 ad
521 1874 835 1924 Apollodorum3
881 1876 1193 1927 conspirantium
1241 1888 1327 1915 cum
1371 1875 1512 1915 Servio
1547 1878 1585 1913 et
1626 1885 1715 1913 cum

187 1945 299 1984 Statii
325 1945 538 1997 interprete
570 1946 949 1999 Mythographorum
979 1948 1027 1987 A.
1049 1948 1152 1996 Maii,
1182 1947 1208 1986 Ι.
1233 1949 1298 1988 52.
1321 1951 1359 1985 et
1383 1946 1427 1985 11.
1460 1946 1549 1986 160.
1599 1946 1715 1993 Quod

187 2017 274 2055 sine
314 2022 414 2056 teste
448 2018 643 2070 Gyraldus
676 2018 711 2056 in
745 2018 914 2057 Hercule
946 2031 980 2070 p.
1012 2018 1107 2058 574.
1139 2019 1180 2058 E.
1214 2020 1257 2059 G.
1291 2019 1427 2068 tradit,
1459 2019 1610 2058 clavam
1642 2029 1715 2056 ac-

190 2088 348 2139 cepisse
390 2101 410 2128 a
447 2090 653 2128 Molorcho
688 2089 918 2139 Herculem,
950 2095 1143 2131 testantur
1171 2091 1331 2131 Scholia
1362 2091 1401 2130 in
1436 2090 1716 2130 Germanicum

192 2169 214 2195 e
245 2158 432 2210 Nigidio:
472 2173 509 2198 v.
541 2160 689 2212 Nigidii
720 2160 875 2213 Fragrn.
917 2163 954 2199 in
992 2161 1193 2214 Rulgersii
1226 2163 1270 2202 V.
1302 2163 1342 2202 L.
1377 2175 1414 2214 p.
1445 2162 1538 2202 278.
1597 2161 1717 2200 Pom-

193 2230 335 2280 pouius
368 2232 538 2271 Sabinus
567 2244 602 2284 p.
641 2234 731 2272 105.
763 2234 867 2273 unde
899 2246 1011 2274 suum
1043 2235 1091 2274 de
1121 2236 1317 2275 inebriato
1348 2234 1540 2283 Hercule,
1571 2246 1644 2285 per
1672 2245 1717 2272 se

193 2299 270 2339 fide
304 2301 406 2341 haud
443 2304 675 2355 indignum,
714 2304 886 2352 habeat,
920 2318 997 2345 non
1032 2312 1201 2347 constat.
1245 2307 1365 2346 docet
1407 2307 1482 2345 ita:
1522 2303 1718 2343 Hercules

192 2372 398 2412 interemto
428 2375 540 2413 leone
567 2375 792 2426 hospitatus
822 2378 898 2428 suit
928 2379 1039 2429 apud
1071 2380 1333 2429 Molorchum,
1366 2383 1404 2418 et
1429 2377 1510 2417 illic
1535 2377 1720 2416 inebria-

196 2448 271 2483 tus.
309 2446 346 2484 in
381 2458 458 2497 quo
489 2449 606 2486 etiam
649 2450 828 2488 ordinem
863 2463 994 2489 rerum
1030 2453 1228 2490 inversum
1271 2450 1588 2490 animadvertes:
1627 2461 1718 2488 nam

196 2516 335 2566 epulae
365 2517 582 2570 hospitales
610 2520 715 2559 haud
747 2520 867 2558 dubie
898 2525 987 2559 ante
1017 2533 1186 2574 pugnam
1212 2521 1340 2571 suere,
1370 2525 1411 2559 ut
1444 2520 1508 2560 alii
1537 2519 1718 2566 tradunt3

196 2593 287 2637 post
316 2601 490 2642 pugnam
522 2597 726 2643 peractum
768 2597 827 2632 est
861 2594 1101 2632 sacrificium
1136 2593 1257 2643 illud,
1299 2593 1338 2632 in
1379 2604 1458 2644 quo
1499 2596 1540 2631 ut
1575 2590 1720 2630 fuerint

198 2659 362 2710 epulae,
395 2661 548 2702 suerunt
579 2676 644 2703 res
674 2665 927 2705 secundaria.
989 2667 1158 2707 Gravior
1188 2667 1371 2707 omnibus
1400 2666 1512 2704 testis
1540 2667 1719 2704 nostram

197 2728 354 2792 quidem
390 2732 424 2770 in
463 2745 572 2781 rem,
604 2737 668 2787 qui
701 2737 739 2775 in
774 2736 1016 2777 Callimacho
1048 2750 1268 2787 versamur,
1299 2737 1482 2777 laudatus
1513 2735 1722 2774 Hemster-

197 2800 311 2841 husio
342 2803 377 2841 in
411 2802 559 2844 Gallim.
595 2806 657 2845 eil.
689 2808 845 2848 Ernest.
878 2821 914 2861 p.
951 2809 1043 2849 418.
1104 2810 1256 2849 Probus
1291 2814 1374 2857 est,
1404 2808 1453 2848 ad
1484 2807 1721 2860 Georgicor.
