1856 3126
874 132 1149 170 *36—

250 250 398 291 Hecale
429 248 632 300 nonnulla,
664 260 780 301 quam
810 248 961 289 interca
994 253 1237 302 provocatus
1271 248 1550 289 criminatione
1583 247 1772 288 Callima-

253 324 351 362 chus
382 322 599 371 edidisset,
629 321 715 361 sive
744 322 944 362 nolentem
976 323 1062 362 sive
1096 322 1298 363 volentem
1334 334 1430 362 suos
1471 322 1510 361 in
1539 332 1636 361 usus
1665 333 1771 361 con-

248 396 432 434 vertisse.
493 394 563 434 Cui
595 394 851 435 coniecturae
884 395 1051 448 aliquam
1089 395 1175 435 veri
1217 396 1353 435 inesse
1395 395 1572 447 speciem
1609 393 1770 433 minime

247 478 369 519 nego.
427 465 585 506 Multum
614 465 719 507 haud
753 466 870 507 dubie
901 467 1088 519 temporis
1120 467 1224 506 inter
1255 471 1491 519 conceptum
1519 465 1770 518 Argonauti-

248 551 386 579 corum
418 550 516 591 opus
547 543 586 578 ct
622 539 841 592 perfectum
872 544 989 592 atque
1020 539 1167 579 editum
1196 539 1398 588 interfuit3
1438 538 1677 590 multumque
1708 542 1770 578 est

245 614 295 653 ab
326 611 538 665 Apollonio
578 625 666 652 cum
708 613 966 654 familiaribus
1012 613 1122 663 suis,
1168 612 1217 651 ab
1251 611 1312 651 his
1359 623 1446 651 cum
1488 611 1604 662 aliis,
1636 610 1686 651 de
1717 622 1768 650 eo

244 697 393 738 opere,
425 689 634 739 antequam
661 686 919 738 perficeretur
957 690 1075 738 atque
1107 684 1322 734 ederetur,
1354 684 1604 736 disputatum.
1672 683 1768 723 Mihi

241 760 431 812 primum,
476 763 517 798 ut
556 758 633 798 iam
677 759 716 798 in
759 759 1057 812 Prolegomenis
1087 771 1124 811 p.
1154 757 1195 797 4.
1227 769 1340 810 seqq.
1388 756 1652 809 significatum
1693 760 1768 805 est,

242 829 424 870 scholion
458 828 565 879 illud,
594 829 698 881 quod
730 842 851 882 saepe
884 830 1030 870 accidit
1051 830 1339 879 Grammaticis,
1369 829 1487 869 etiam
1519 829 1767 881 doctioribus

240 901 319 941 hoc
343 902 570 941 Callimachi
602 902 832 955 interprete,
867 916 982 955 quem
1005 914 1084 942 non
1114 915 1206 942 esse
1237 901 1398 954 antiqua
1431 901 1656 941 eruditione
1687 913 1767 940 nu·-

239 973 370 1014 tritum
407 986 493 1013 cum
528 974 794 1014 Valckenario
836 975 959 1015 Diatr.
989 975 1123 1027 Eurip.
1153 986 1190 1026 p.
1225 974 1320 1014 283.
1350 974 1397 1014 A.
1430 974 1648 1024 sentimus,
1689 973 1765 1014 ali-

241 1046 332 1098 quid
361 1046 517 1086 vidctur
547 1047 654 1097 veri,
686 1047 759 1086 sed
786 1059 866 1086 non
903 1059 1020 1086 omne
1050 1059 1187 1086 verum
1230 1046 1381 1085 dicere.
1449 1047 1668 1086 Docuimus
1708 1045 1763 1085 ibi

238 1118 414 1158 Hecalen
444 1129 525 1157 non
556 1117 663 1170 μέγα
696 1120 854 1170 ποίημα
889 1116 1025 1157 fuisse.
1086 1117 1199 1157 Unde
1238 1119 1415 1170 sequitur
1458 1129 1540 1158 non
1578 1119 1765 1170 scriptam

238 1202 330 1231 esse
365 1202 415 1231 eo
449 1189 617 1230 consilio
648 1189 851 1242 Hecaten,
887 1194 928 1230 ut
969 1202 1013 1230 se
1053 1202 1238 1243 magnum
1278 1203 1421 1244 poema
1464 1190 1601 1231 facere
1638 1202 1762 1244 posse

237 1267 354 1316 poeta
386 1261 628 1303 ostenderet.
687 1262 773 1302 Hoc
797 1262 921 1302 voluit
948 1262 1097 1303 Hecale
1121 1263 1336 1304 scribenda
1366 1263 1539 1317 probare
1569 1263 1762 1304 Callima-

238 1336 336 1376 chus
369 1340 508 1376 contra
541 1335 834 1375 obtrectatores
862 1347 982 1387 suos,
1012 1340 1051 1375 et
1088 1348 1185 1377 vero
1214 1336 1419 1389 probavit,
1445 1348 1526 1377 non
1565 1337 1758 1389 imparem

240 1420 285 1448 se
327 1408 493 1448 carmini
530 1408 740 1456 continuo,
779 1408 980 1462 διηνεκεῖ,
1023 1407 1126 1459 epici
1162 1408 1346 1460 yeneris,
1391 1409 1609 1449 scribendo
1655 1420 1761 1449 esse.

238 1481 393 1522 Deinde
434 1481 498 1533 qui
528 1481 717 1533 imparem
753 1479 1047 1520 obtrectatores
1089 1480 1283 1531 dixerint,
1321 1481 1540 1534 ignoratur.
1615 1481 1762 1521 Habuit

238 1554 343 1595 haud
385 1553 503 1594 dubie
535 1551 796 1593 Callimachus
831 1553 870 1592 in
911 1552 977 1592 illo
1012 1554 1225 1593 ΙΙΙουσὲων
1264 1551 1432 1610 ταλάρῳ
1468 1554 1761 1594 obtrectatores

239 1632 400 1680 praeter
421 1626 673 1680 Apollonium
705 1625 818 1675 alios,
848 1625 983 1665 habuit
1014 1630 1108 1665 ante
1140 1626 1406 1678 Apollonium.
1465 1626 1518 1667 At
1545 1627 1584 1666 in
1612 1627 1760 1680 hymno

237 1700 459 1753 Apollinis,
494 1711 609 1751 quem
641 1698 826 1751 hymnum
858 1698 1084 1738 Ptolemaeo
1113 1698 1313 1751 Evergete
1345 1703 1542 1753 regnante
1570 1700 1760 1751 scriptum

239 1786 330 1814 esse
363 1773 509 1813 diserte
542 1771 703 1812 docenti
744 1771 950 1823 interpreti
988 1781 1138 1823 graeco
1169 1770 1220 1810 ad
1257 1783 1416 1812 versum
1448 1771 1512 1812 26.
1545 1771 1760 1823 credimus,

236 1846 490 1900 Apollonium
519 1845 680 1895 notari,
712 1844 752 1884 id
784 1855 862 1897 ego
893 1847 1025 1884 statuo
1056 1848 1097 1883 ut
1125 1844 1191 1897 qui
1217 1843 1568 1884 confidentissime.
1626 1843 1759 1895 Adde,

239 1931 262 1958 e
293 1919 550 1969 coniectura,
579 1917 651 1957 sed
683 1928 730 1956 ea
760 1915 971 1956 admodum
1004 1916 1213 1968 speciosa,
1246 1916 1353 1969 quod
1382 1917 1437 1957 ibi
1472 1916 1660 1969 scriptum
1689 1920 1764 1968 est,

239 1988 356 2046 ὀλίγη
384 1988 527 2044 λιβάς,
558 1985 687 2043 ἄκρον
716 1985 875 2042 ἄωτον,
908 1999 958 2030 eo
988 1990 1112 2042 ipsam
1145 1991 1364 2044 significari
1394 1989 1583 2030 Hecalen.
1643 1989 1762 2030 Certe

244 2066 301 2104 sic
347 2063 643 2117 elegantissime
683 2061 944 2103 Callimachus
986 2061 1186 2113 Hecalcn,
1229 2073 1391 2114 parvum
1434 2072 1555 2114 epos,
1599 2061 1762 2113 opponit

241 2148 388 2189 magno
430 2136 594 2176 carmini
639 2136 778 2188 epico,
819 2146 894 2186 quo
938 2133 1184 2186 gloriabatur
1222 2134 1474 2187 Apollonius.
1543 2133 1679 2184 Itaque
1719 2136 1762 2173 ut

240 2209 515 2262 primariorum
545 2208 824 2264 nonnullorum
864 2206 1093 2247 Callimachi
1131 2218 1293 2259 operum
1331 2205 1535 2258 tempora,
1575 2209 1760 2257 quantum

242 2282 399 2336 quidem
423 2283 508 2321 lieri
535 2282 654 2322 liceat
684 2279 950 2329 coniicicndo,
982 2280 1232 2330 constituam,
1260 2279 1408 2318 Hecale
1429 2277 1600 2318 medium
1630 2289 1760 2330 quen-

247 2356 335 2395 dam
358 2355 487 2395 locum
512 2353 676 2396 obtinet.
734 2352 819 2392 Fuit
853 2352 956 2391 enim
987 2353 1129 2391 maturi
1160 2352 1311 2404 ingenii
1342 2362 1441 2403 opus
1472 2349 1760 2403 politissimum.

245 2429 307 2478 Ab
349 2429 437 2469 viro
479 2427 691 2478 scriptam,
733 2436 812 2465 non
857 2425 905 2464 ab
946 2425 1089 2464 iuvene
1120 2424 1264 2474 fuisse,
1301 2423 1591 2476 posterioribus
1629 2423 1759 2476 magis

246 2501 432 2553 operibus
465 2497 692 2539 Callimachi
723 2509 836 2550 quam
870 2497 1069 2549 prioribus
1107 2496 1468 2547 annumerandam,
1497 2507 1549 2536 ex
1576 2495 1641 2536 illa
1672 2495 1758 2548 ipsa

240 2570 516 2614 criminatione
547 2572 720 2625 colligo,
753 2582 854 2622 quae
886 2570 1143 2610 occasionem
1174 2569 1377 2610 scribendi
1404 2569 1533 2609 dedit:
1571 2568 1761 2620 imparem

244 2646 386 2686 maiori
427 2645 591 2686 carmini
632 2644 819 2684 continuo
863 2642 1078 2683 scribendo
1121 2654 1241 2693 esse,
1283 2642 1323 2682 id
1357 2643 1395 2681 ei
1431 2645 1578 2681 tantum
1615 2643 1760 2691 poetae

242 2723 352 2759 recte
396 2722 435 2756 et
475 2729 562 2757 eum
609 2716 886 2770 probabilitate
927 2715 1138 2765 obiicitur,
1184 2716 1248 2767 qui
1292 2715 1369 2754 iam
1409 2712 1528 2752 multa
1569 2712 1758 2761 carmina,

246 2790 317 2831 sed
347 2802 466 2842 parva
498 2790 645 2837 omnia,
677 2790 892 2842 scripserit.
951 2788 1072 2841 Igitur
1099 2788 1218 2827 multa
1249 2791 1338 2826 ante
1370 2784 1544 2825 Hecaten
1574 2785 1755 2837 scripse-

205 2880 208 2881 ’
244 2868 305 2904 rat
334 2860 618 2912 Callimachus,
650 2863 864 2914 scripserat
896 2861 1000 2902 haud
1041 2860 1184 2911 dubie,
1215 2863 1256 2899 ut
1287 2870 1403 2899 unum
1433 2868 1754 2908 commemorem,
