1856 3126
743 163 807 169 —-
857 143 937 181 195
996 165 1045 169 -

138 257 306 312 Ἐρινεῷ
333 257 450 297 multa
483 269 569 297 cum
597 258 876 309 probabilitate
907 274 958 301 ex
987 262 1177 303 Pausania
1206 264 1422 306 restitutum
1451 265 1657 306 Plutarcho

140 335 222 380 est,
250 330 364 369 Thes.
390 343 431 370 ὀ.
464 331 524 370 11.
563 330 629 370 ubi
671 333 830 385 vulgato
862 331 1068 386 Ἑρμιόνι,
1105 332 1306 387 Ἑρμιόνι,
1333 334 1548 392 Ἑρμιόνῃ,
1578 350 1658 378 non

141 402 270 441 habeo
295 404 399 454 quid⁴
419 402 573 448 faciam²
632 403 790 444 Frustra
815 405 955 458 aliquis
979 418 1028 445 ex
1049 407 1111 457 iis,
1135 419 1237 458 quae
1259 409 1429 460 Toupius
1446 411 1656 451 Animadv.

139 475 177 514 in
210 475 340 515 Schol.
375 474 572 514 Theocrit.
615 476 698 516 XV.
729 477 795 517 64.
841 478 1068 527 annotavit,
1104 491 1248 519 novam
1289 481 1449 521 el'licere
1487 485 1657 523 Atticam

132 542 352 600 Ἑρμιόνην
392 551 572 587 conetur.
641 547 866 601 Leopoldus
908 550 952 589 ἐν
982 548 1129 601 Ἑρμεῖ
1168 553 1435 593 coniecturam
1475 555 1654 596 Palmerii

141 618 274 658 edidit.

248 690 385 741 Neque
410 689 633 742 Phytalldas
662 693 820 732 siluisse
851 693 1070 745 Theseum,
1109 699 1147 734 et
1181 696 1377 748 antiquam
1413 710 1520 738 aram
1552 699 1658 740 lovis

128 763 398 813 ῚΠειλιχιόυ,
428 763 625 804 arbitror:
670 766 733 817 qui
764 766 888 817 ipsum
919 767 1032 818 primi
1069 769 1318 818 mortalium,
1350 774 1391 808 ut
1431 770 1658 812 Plutarchus

139 835 302 884 scribit,
334 836 502 874 comiter
543 841 661 888 atque
690 835 914 875 humaniter
947 843 1211 890 exceperant:
1253 839 1345 878 Plut.
1382 839 1495 880 Thes.
1528 853 1562 881 c.
1595 844 1658 882 1‘2.

139 912 178 947 et
205 908 269 947 23.
303 913 403 947 extr.
436 908 601 948 Pausan.
631 907 657 947 I.
688 908 755 958 37,
785 909 824 949 4.
885 910 972 957 Quo
1004 910 1056 950 illi
1089 911 1237 951 similes
1259 911 1444 952 Hecalae.

249 980 316 1019 Sic
347 980 506 1032 propius
546 981 788 1033 propiusque
819 981 1026 1021 accedenti
1060 982 1111 1021 ad
1141 982 1277 1023 urbem
1311 983 1466 1024 Theseo
1498 985 1655 1025 tandem

139 1052 282 1092 affulsit
310 1065 332 1091 e
372 1052 590 1106 longinquo
630 1053 857 1105 spectabilis
898 1066 969 1093 arx
1007 1054 1233 1107 Minervae,
1267 1056 1564 1097 Γλαυκώπειον
1594 1060 1658 1100 vel

144 1121 425 1164 Γλαυκώπιον.
496 1125 658 1166 Tantum
699 1126 815 1166 elicio
859 1139 909 1166 ex
947 1127 1185 1180 Fragmento
1222 1128 1390 1169 Hecales
1433 1142 1539 1170 novo
1578 1131 1659 1182 illo,

137 1196 242 1248 quod
273 1196 452 1247 Augusto
479 1197 663 1238 Matthiae
695 1198 876 1248 debetur,
907 1199 1038 1239 Schol.
1069 1200 1202 1254 Eurip.
1231 1202 1383 1255 Hippol.
1417 1203 1481 1243 39.
1514 1216 1535 1242 e
1566 1205 1658 1245 cod.

136 1269 378 1308 Florentino.
437 1269 485 1308 Et
514 1269 723 1322 Euripides
754 1271 912 1323 quidem
942 1271 1016 1321 ita,
1045 1271 1093 1311 de
1126 1272 1327 1315 Phaedra:
1359 1273 1431 1314 καί
1459 1279 1555 1327 πρίν
1579 1280 1657 1328 μὲν

136 1342 275 1380 ἐλθεῖν
312 1340 432 1393 τήνδε
470 1342 543 1393 γῆν
579 1342 846 1395 Τροιζηιίαν,
930 1344 1084 1396 πέτραν
1112 1350 1209 1398 παρ’
1249 1344 1380 1400 αὐτὸν
1410 1345 1657 1400 Παλλάύος,

136 1411 340 1462 κατόψιον
395 1414 469 1464 γῆς
498 1412 634 1464 τῆσδε,
664 1411 764 1452 ναὸν
796 1411 1015 1465 Κύπριδος
1038 1415 1325 1468 ἐγκαθείσατο,
1382 1419 1507 1470 ἑραῖσ’
1536 1417 1657 1471 ἔρωτ’

136 1482 333 1537 ἔκδημον·
364 1482 592 1541 Ἱππολύτῳ
625 1485 664 1524 ‹5'
684 1482 753 1525 ἔπι
811 1482 856 1525 τὸ
889 1484 1035 1526 λοιπὸν
1065 1485 1283 1539 ὠνόμαζεν
1312 1486 1517 1543 ἱδρῦσθαι
1539 1488 1655 1532 θεάν.

135 1556 325 1598 Scholion
357 1559 408 1598 ita
440 1568 484 1597 se
514 1556 654 1596 habet:

393 1629 597 1672 Ἱππολ.
643 1629 681 1669 δ’
717 1624 816 1672 ἔπι.
883 1627 927 1669 ἑν
964 1625 1046 1681 γάρ
1085 1630 1136 1683 τῇ
1181 1627 1406 1681 ἀκροπόλει
1449 1628 1653 1684 ἱδρύσατο

399 1702 653 1755 Ἀφροδίτης
685 1699 787 1741 ναὸν
815 1699 887 1742 ὲπί
915 1702 1028 1757 κακῷ
1052 1700 1320 1742 Ἱππολύτου.
1376 1703 1575 1756 πέτραν
1608 1706 1655 1745 δὲ

397 1772 694 1821 Παλλάδος
723 1772 832 1829 φησί
858 1772 900 1815 τὸ
930 1775 974 1814 ἑν
1002 1776 1052 1829 τῇ
1078 1774 1244 1830 Ἀττικῇ
1262 1776 1571 1829 Γλαυκώπειον,
1601 1772 1653 1817 οὗ

398 1849 676 1899 Καλλίμαχος
706 1848 748 1886 ἐν
771 1844 928 1902 εΕκιέλῃ
961 1847 1073 1896 (cod.
1093 1844 1264 1901 Ἑκάβῃ)
1293 1848 1526 1900 μέμνηται,
1557 1850 1657 1902 περὶ

393 1921 439 1960 τό
475 1916 590 1971 ἱερὸν
623 1917 918 1959 Γλαυκώπειον
947 1922 1169 1959 καλεῖσθαι
1201 1917 1280 1958 dno
1313 1920 1386 1959 τοῦ
1413 1918 1648 1972 ἐπωνύμου.

132 1999 242 2046 Quae
274 1995 351 2033 duo
385 1991 569 2032 videntur
607 1991 758 2030 scholia
793 2003 883 2030 esse
915 2003 993 2031 non
1025 1992 1082 2031 sic
1124 1992 1173 2031 ab
1207 1991 1349 2031 eodem
1390 1992 1549 2044 scripta.
1609 1991 1652 2033 ἐν

130 2073 181 2125 τῇ
208 2068 369 2121 Ἀττικῇ
398 2066 465 2105 vix
498 2066 715 2117 scripturus
745 2064 897 2114 suisset,
932 2065 995 2116 qui
1027 2064 1156 2115 paullo
1189 2069 1279 2103 ante
1312 2064 1487 2103 breviter
1506 2066 1549 2104 ὲν
1569 2064 1649 2118 γάρ

128 2143 179 2198 τῇ
208 2137 421 2192 ἀκροπόλει
450 2138 688 2190 scripsisset.
747 2137 803 2177 Ne
836 2138 921 2189 quis
955 2138 1056 2177 forte
1088 2138 1129 2176 in
1161 2137 1370 2189 postremis
1402 2136 1580 2187 haereat,
1610 2141 1651 2177 et

130 2213 236 2266 quod
268 2212 360 2252 mihi
392 2210 579 2250 accidere
604 2210 767 2262 primum
803 2209 951 2262 legenti
983 2209 1156 2257 memini,
1187 2208 1287 2260 περί
1315 2214 1540 2260 suspectum
1571 2209 1646 2248 ha-

129 2287 241 2334 beat,
269 2283 436 2337 περίτι)
469 2282 582 2337 ἱερὸν
621 2282 917 2325 Γλαυκώπειον
960 2286 1183 2325 καλεῖσθαι
1227 2283 1400 2323 defendo
1442 2284 1647 2336 exemplis,

129 2358 258 2410 quaha
289 2361 378 2396 sunt
411 2356 513 2408 apud
553 2356 810 2397 Schaeferum
846 2355 930 2395 Ind.
962 2356 1133 2397 Graecit.
1168 2356 1207 2394 in
1246 2355 1364 2407 Greg.
1402 2356 1447 2396 C.
1479 2369 1516 2408 p.
1549 2356 1642 2397 986.

127 2434 207 2471 not.
239 2434 278 2468 et
307 2429 355 2468 ad
387 2429 518 2481 Eurip.
551 2429 682 2469 Orest.
713 2428 806 2467 395.
841 2427 892 2467 cf.
930 2427 1034 2467 idem
1068 2426 1168 2478 apud
1198 2426 1377 2466 Siebelis.
1409 2428 1446 2465 in
1477 2427 1643 2467 Pausan.

127 2502 153 2541 l.
184 2501 250 2552 38,
282 2502 317 2540 5.
352 2505 391 2539 et
421 2503 478 2540 sic
507 2504 664 2552 poetae,
694 2500 878 2551 Apollon.
909 2498 1036 2539 Rhod.
1065 2497 1092 2537 Ι.
1119 2498 1209 2538 216.
1242 2498 1334 2537 237.
1365 2498 1428 2537 Ill.
1456 2500 1546 2540 900.
1577 2501 1640 2541 lv.

129 2576 218 2613 115.
254 2574 417 2614 Nomius
451 2572 523 2612 Ev.
554 2573 608 2613 lO.
639 2572 739 2611 Vlll.
768 2572 831 2611 ΩΟ.
863 2572 1119 2625 Γαζοφύλαξ
1157 2566 1224 2608 ὅθι
1262 2573 1400 2622 χωρος
1429 2570 1640 2612 ἀκούεται.

124 2647 173 2686 Ut
201 2657 344 2686 sensus
375 2645 447 2684 sit:
487 2643 746 2694 Glaucopium.
776 2644 976 2694 appellari
1013 2644 1158 2691 locum,
1187 2642 1254 2692 qui
1286 2646 1346 2680 est
1385 2643 1497 2683 circa
1540 2649 1641 2683 tem-

119 2719 241 2769 plum.
272 2717 454 2768 templum
486 2720 638 2765 autem,
667 2714 801 2765 ἱερόν,
834 2715 1000 2768 intelligi
1032 2727 1053 2753 a
1084 2714 1303 2755 Scholiasta
1332 2720 1425 2766 puto
1456 2718 1638 2756 Παλλά-

125 2792 219 2840 ὸος,
263 2790 368 2843 quod
400 2800 543 2829 nomen
580 2787 697 2826 facile
727 2787 926 2839 suppletur
957 2799 1007 2826 ex
1037 2785 1237 2836 Euripide.
1307 2788 1383 2826 Sed
1426 2800 1633 2839 quemnam

123 2862 251 2903 locum
275 2864 377 2904 illum
394 2863 419 2903 ?·
463 2861 568 2914 quod
596 2856 740 2915 ἱερόνὶ)
795 2860 939 2898 Arcem
980 2858 1083 2899 haud
1115 2858 1255 2911 dubie,
1293 2856 1535 2912 α’κρόπολιν,
1571 2860 1633 2900 vel
