<?xml version="1.0" encoding="UTF-8"?>
<!DOCTYPE html PUBLIC "-//W3C//DTD XHTML 1.0 Transitional//EN"
    "http://www.w3.org/TR/xhtml1/DTD/xhtml1-transitional.dtd">
<html xmlns="http://www.w3.org/1999/xhtml" xml:lang="en" lang="en">
 <head>
  <title>
</title>
<meta http-equiv="Content-Type" content="text/html;charset=utf-8" />
  <meta name='ocr-system' content='tesseract 3.04.00' />
  <meta name='ocr-capabilities' content='ocr_page ocr_carea ocr_par ocr_line ocrx_word'/>
</head>
<body>
  <div class='ocr_page' id='page_1' title='image "./opusculaphilolog02naekuoft/opusculaphilolog02naekuoft_0160.png"; bbox 0 0 1856 3126; ppageno 0'>
   <div class='ocr_carea' id='block_1_1' title="bbox 796 110 1102 148">
    <p class='ocr_par' dir='ltr' id='par_1_1' title="bbox 796 110 1102 148">
     <span class='ocr_line' id='line_1_1' title="bbox 796 110 1102 148; baseline 0.003 -1"><span class='ocrx_word' id='word_1_1' title='bbox 796 110 1102 148; x_wconf 74' lang='lat'>-150—</span> 
     </span>
    </p>
   </div>
   <div class='ocr_carea' id='block_1_2' title="bbox 181 225 1773 2887">
    <p class='ocr_par' dir='ltr' id='par_1_2' title="bbox 181 225 1731 784">
     <span class='ocr_line' id='line_1_2' title="bbox 182 225 1719 282; baseline -0.005 -12"><span class='ocrx_word' id='word_1_2' title='bbox 182 229 419 282; x_wconf 81' lang='lat' dir='ltr'>comprobat</span> <span class='ocrx_word' id='word_1_3' title='bbox 445 228 680 268; x_wconf 83' lang='lat' dir='ltr'>Athenaeus</span> <span class='ocrx_word' id='word_1_4' title='bbox 713 225 776 267; x_wconf 87' lang='lat'><em>111.</em></span> <span class='ocrx_word' id='word_1_5' title='bbox 810 240 846 279; x_wconf 87' lang='lat' dir='ltr'>p.</span> <span class='ocrx_word' id='word_1_6' title='bbox 881 227 971 266; x_wconf 79' lang='lat'>109.</span> <span class='ocrx_word' id='word_1_7' title='bbox 1004 231 1043 266; x_wconf 86' lang='lat' dir='ltr'>et</span> <span class='ocrx_word' id='word_1_8' title='bbox 1071 238 1157 279; x_wconf 83' lang='lat' dir='ltr'>sqq.</span> <span class='ocrx_word' id='word_1_9' title='bbox 1215 227 1268 266; x_wconf 86' lang='lat' dir='ltr'>At</span> <span class='ocrx_word' id='word_1_10' title='bbox 1297 225 1445 266; x_wconf 86' lang='lat' dir='ltr'>Hecale</span> <span class='ocrx_word' id='word_1_11' title='bbox 1489 235 1585 264; x_wconf 90' lang='lat' dir='ltr'>suos</span> <span class='ocrx_word' id='word_1_12' title='bbox 1627 227 1719 263; x_wconf 84' lang='lat' dir='ltr'>ante</span> 
     </span>
     <span class='ocr_line' id='line_1_3' title="bbox 184 297 1722 355; baseline -0.006 -12"><span class='ocrx_word' id='word_1_13' title='bbox 184 304 313 343; x_wconf 81' lang='lat' dir='ltr'>factos</span> <span class='ocrx_word' id='word_1_14' title='bbox 345 314 481 341; x_wconf 88' lang='lat' dir='ltr'>secum</span> <span class='ocrx_word' id='word_1_15' title='bbox 512 301 688 340; x_wconf 84' lang='lat' dir='ltr'>habebat</span> <span class='ocrx_word' id='word_1_16' title='bbox 716 301 752 340; x_wconf 91' lang='lat' dir='ltr'>in</span> <span class='ocrx_word' id='word_1_17' title='bbox 783 301 964 352; x_wconf 81' lang='lat' dir='ltr'>panario,</span> <span class='ocrx_word' id='word_1_18' title='bbox 996 298 1140 355; x_wconf 55' lang='lat' dir='ltr'>oenz&#39;d.</span> <span class='ocrx_word' id='word_1_19' title='bbox 1200 299 1362 339; x_wconf 82' lang='lat' dir='ltr'>Materia</span> <span class='ocrx_word' id='word_1_20' title='bbox 1396 301 1526 337; x_wconf 86' lang='lat' dir='ltr'>autem</span> <span class='ocrx_word' id='word_1_21' title='bbox 1548 297 1722 348; x_wconf 87' lang='lat' dir='ltr'>utrique,</span> 
     </span>
     <span class='ocr_line' id='line_1_4' title="bbox 181 367 1723 425; baseline -0.005 -12"><span class='ocrx_word' id='word_1_22' title='bbox 181 379 259 414; x_wconf 90' lang='lat' dir='ltr'>tam</span> <span class='ocrx_word' id='word_1_23' title='bbox 292 374 464 414; x_wconf 88' lang='lat' dir='ltr'>Hecales</span> <span class='ocrx_word' id='word_1_24' title='bbox 494 385 634 425; x_wconf 85' lang='lat' dir='ltr'>panes,</span> <span class='ocrx_word' id='word_1_25' title='bbox 667 385 781 425; x_wconf 88' lang='lat' dir='ltr'>quam</span> <span class='ocrx_word' id='word_1_26' title='bbox 818 374 1056 412; x_wconf 86' lang='lat' dir='ltr'>rusticorum</span> <span class='ocrx_word' id='word_1_27' title='bbox 1089 383 1189 424; x_wconf 83' lang='lat' dir='ltr'>quos</span> <span class='ocrx_word' id='word_1_28' title='bbox 1224 373 1263 412; x_wconf 91' lang='lat' dir='ltr'>in</span> <span class='ocrx_word' id='word_1_29' title='bbox 1294 374 1424 410; x_wconf 83' lang='lat' dir='ltr'>mente</span> <span class='ocrx_word' id='word_1_30' title='bbox 1446 373 1566 421; x_wconf 87' lang='lat' dir='ltr'>poeta</span> <span class='ocrx_word' id='word_1_31' title='bbox 1587 367 1723 417; x_wconf 85' lang='lat' dir='ltr'>habet,</span> 
     </span>
     <span class='ocr_line' id='line_1_5' title="bbox 184 442 1724 496; baseline -0.004 -12"><span class='ocrx_word' id='word_1_32' title='bbox 184 444 292 484; x_wconf 89' lang='lat' dir='ltr'>haud</span> <span class='ocrx_word' id='word_1_33' title='bbox 321 444 441 484; x_wconf 87' lang='lat' dir='ltr'>dubie</span> <span class='ocrx_word' id='word_1_34' title='bbox 472 444 541 483; x_wconf 89' lang='lat' dir='ltr'>vili</span> <span class='ocrx_word' id='word_1_35' title='bbox 583 448 708 483; x_wconf 88' lang='lat' dir='ltr'>erant.</span> <span class='ocrx_word' id='word_1_36' title='bbox 770 445 828 483; x_wconf 92' lang='lat' dir='ltr'>De</span> <span class='ocrx_word' id='word_1_37' title='bbox 860 455 962 496; x_wconf 80' lang='lat' dir='ltr'>qua,</span> <span class='ocrx_word' id='word_1_38' title='bbox 996 447 1038 483; x_wconf 87' lang='lat' dir='ltr'>ut</span> <span class='ocrx_word' id='word_1_39' title='bbox 1080 442 1130 481; x_wconf 90' lang='lat' dir='ltr'>de</span> <span class='ocrx_word' id='word_1_40' title='bbox 1172 442 1298 481; x_wconf 83' lang='lat' dir='ltr'>forma</span> <span class='ocrx_word' id='word_1_41' title='bbox 1329 454 1502 494; x_wconf 85' lang='lat' dir='ltr'>panum,</span> <span class='ocrx_word' id='word_1_42' title='bbox 1533 442 1724 488; x_wconf 79' lang='lat' dir='ltr'>monitum</span> 
     </span>
     <span class='ocr_line' id='line_1_6' title="bbox 184 508 1724 566; baseline -0.002 -11"><span class='ocrx_word' id='word_1_43' title='bbox 184 517 309 556; x_wconf 84' lang='lat' dir='ltr'>fuisse</span> <span class='ocrx_word' id='word_1_44' title='bbox 341 516 517 555; x_wconf 88' lang='lat' dir='ltr'>coniicio</span> <span class='ocrx_word' id='word_1_45' title='bbox 547 527 683 565; x_wconf 76' lang='lat' dir='ltr'>versu,</span> <span class='ocrx_word' id='word_1_46' title='bbox 715 516 780 566; x_wconf 85' lang='lat' dir='ltr'>qui</span> <span class='ocrx_word' id='word_1_47' title='bbox 814 514 1030 563; x_wconf 72' lang='lat' dir='ltr'>intercidit,</span> <span class='ocrx_word' id='word_1_48' title='bbox 1067 515 1170 553; x_wconf 87' lang='lat' dir='ltr'>inter</span> <span class='ocrx_word' id='word_1_49' title='bbox 1200 515 1243 554; x_wconf 79' lang='grc' dir='ltr'>ὲκ</span> <span class='ocrx_word' id='word_1_50' title='bbox 1275 515 1309 552; x_wconf 79' lang='lat' dir='ltr'>d’</span> <span class='ocrx_word' id='word_1_51' title='bbox 1339 508 1496 564; x_wconf 66' lang='grc' dir='ltr'><strong>ἄρτους</strong></span> <span class='ocrx_word' id='word_1_52' title='bbox 1526 516 1566 550; x_wconf 84' lang='lat' dir='ltr'>et</span> <span class='ocrx_word' id='word_1_53' title='bbox 1597 509 1724 558; x_wconf 79' lang='grc' dir='ltr'><em>οἴους.</em></span> 
     </span>
     <span class='ocr_line' id='line_1_7' title="bbox 185 580 1726 640; baseline -0.005 -12"><span class='ocrx_word' id='word_1_54' title='bbox 185 588 271 628; x_wconf 79' lang='lat' dir='ltr'>Fuit</span> <span class='ocrx_word' id='word_1_55' title='bbox 308 599 425 640; x_wconf 87' lang='lat' dir='ltr'>quum</span> <span class='ocrx_word' id='word_1_56' title='bbox 467 587 703 639; x_wconf 83' lang='lat' dir='ltr'>suspicabar</span> <span class='ocrx_word' id='word_1_57' title='bbox 742 588 780 626; x_wconf 90' lang='lat' dir='ltr'>in</span> <span class='ocrx_word' id='word_1_58' title='bbox 823 599 942 626; x_wconf 80' lang='lat' dir='ltr'>versu</span> <span class='ocrx_word' id='word_1_59' title='bbox 985 598 1034 626; x_wconf 95' lang='grc'><strong>60</strong></span> <span class='ocrx_word' id='word_1_60' title='bbox 1085 586 1208 626; x_wconf 84' lang='lat' dir='ltr'>fuisse</span> <span class='ocrx_word' id='word_1_61' title='bbox 1250 586 1405 638; x_wconf 83' lang='lat' dir='ltr'>Fragm.</span> <span class='ocrx_word' id='word_1_62' title='bbox 1437 580 1726 624; x_wconf 82' lang='lat' dir='ltr'>CCCXXXVII.</span> 
     </span>
     <span class='ocr_line' id='line_1_8' title="bbox 186 654 1731 715; baseline -0.005 -16"><span class='ocrx_word' id='word_1_63' title='bbox 186 662 344 715; x_wconf 75' lang='grc' dir='ltr'><em>φθοιάς</em></span> <span class='ocrx_word' id='word_1_64' title='bbox 381 658 428 708; x_wconf 82' lang='lat' dir='ltr'>(f.</span> <span class='ocrx_word' id='word_1_65' title='bbox 466 662 653 713; x_wconf 77' lang='grc' dir='ltr'><strong><em>φθοῖας,</em></strong></span> <span class='ocrx_word' id='word_1_66' title='bbox 693 659 756 699; x_wconf 79' lang='lat' dir='ltr'>vel</span> <span class='ocrx_word' id='word_1_67' title='bbox 791 656 992 713; x_wconf 63' lang='lat' dir='ltr'>qflo&#39;t‘agj:</span> <span class='ocrx_word' id='word_1_68' title='bbox 1035 658 1108 698; x_wconf 87' lang='lat' dir='ltr'>sed</span> <span class='ocrx_word' id='word_1_69' title='bbox 1147 657 1245 697; x_wconf 87' lang='lat' dir='ltr'>nihil</span> <span class='ocrx_word' id='word_1_70' title='bbox 1280 662 1341 697; x_wconf 85' lang='lat' dir='ltr'>est</span> <span class='ocrx_word' id='word_1_71' title='bbox 1373 656 1479 710; x_wconf 87' lang='lat' dir='ltr'>quod</span> <span class='ocrx_word' id='word_1_72' title='bbox 1521 654 1731 695; x_wconf 81' lang='lat' dir='ltr'>confirmet</span> 
     </span>
     <span class='ocr_line' id='line_1_9' title="bbox 192 732 478 784; baseline -0.003 -13"><span class='ocrx_word' id='word_1_73' title='bbox 192 732 478 784; x_wconf 87' lang='lat' dir='ltr'>suspicionem.</span> 
     </span>
    </p>

    <p class='ocr_par' dir='ltr' id='par_1_3' title="bbox 191 799 1773 2887">
     <span class='ocr_line' id='line_1_10' title="bbox 302 799 1730 853; baseline -0.004 -9"><span class='ocrx_word' id='word_1_74' title='bbox 302 804 391 844; x_wconf 89' lang='lat' dir='ltr'>Non</span> <span class='ocrx_word' id='word_1_75' title='bbox 423 804 514 844; x_wconf 90' lang='lat' dir='ltr'>dico</span> <span class='ocrx_word' id='word_1_76' title='bbox 546 803 781 843; x_wconf 80' lang='lat' dir='ltr'>exhaustam</span> <span class='ocrx_word' id='word_1_77' title='bbox 814 801 890 841; x_wconf 88' lang='lat' dir='ltr'>hac</span> <span class='ocrx_word' id='word_1_78' title='bbox 934 803 1178 842; x_wconf 84' lang='lat' dir='ltr'>recensione</span> <span class='ocrx_word' id='word_1_79' title='bbox 1219 802 1374 853; x_wconf 89' lang='lat' dir='ltr'>copiam</span> <span class='ocrx_word' id='word_1_80' title='bbox 1417 812 1509 840; x_wconf 89' lang='lat' dir='ltr'>esse</span> <span class='ocrx_word' id='word_1_81' title='bbox 1547 799 1730 840; x_wconf 80' lang='lat' dir='ltr'>Hecates.</span> 
     </span>
     <span class='ocr_line' id='line_1_11' title="bbox 191 871 1734 929; baseline -0.004 -13"><span class='ocrx_word' id='word_1_82' title='bbox 191 876 456 929; x_wconf 86' lang='lat' dir='ltr'>Suppleantur</span> <span class='ocrx_word' id='word_1_83' title='bbox 485 877 558 916; x_wconf 84' lang='lat' dir='ltr'>alia</span> <span class='ocrx_word' id='word_1_84' title='bbox 579 907 588 925; x_wconf 78' lang='lat'>,</span> <span class='ocrx_word' id='word_1_85' title='bbox 620 878 650 916; x_wconf 84' lang='lat' dir='ltr'>si</span> <span class='ocrx_word' id='word_1_86' title='bbox 683 876 840 927; x_wconf 78' lang='lat' dir='ltr'>placet,</span> <span class='ocrx_word' id='word_1_87' title='bbox 872 875 1143 914; x_wconf 86' lang='lat' dir='ltr'>coniectando</span> <span class='ocrx_word' id='word_1_88' title='bbox 1163 907 1172 925; x_wconf 85' lang='lat'>,</span> <span class='ocrx_word' id='word_1_89' title='bbox 1203 875 1373 914; x_wconf 79' lang='lat' dir='ltr'>maxime</span> <span class='ocrx_word' id='word_1_90' title='bbox 1409 886 1460 913; x_wconf 86' lang='lat' dir='ltr'>ex</span> <span class='ocrx_word' id='word_1_91' title='bbox 1496 874 1569 912; x_wconf 85' lang='lat' dir='ltr'>illis</span> <span class='ocrx_word' id='word_1_92' title='bbox 1600 871 1734 912; x_wconf 90' lang='lat' dir='ltr'>Phile-</span> 
     </span>
     <span class='ocr_line' id='line_1_12' title="bbox 191 944 1734 1000; baseline -0.005 -12"><span class='ocrx_word' id='word_1_93' title='bbox 191 950 321 989; x_wconf 91' lang='lat' dir='ltr'>monis</span> <span class='ocrx_word' id='word_1_94' title='bbox 349 953 388 988; x_wconf 81' lang='lat' dir='ltr'>et</span> <span class='ocrx_word' id='word_1_95' title='bbox 415 949 600 988; x_wconf 86' lang='lat' dir='ltr'>Baucidis</span> <span class='ocrx_word' id='word_1_96' title='bbox 632 949 769 1000; x_wconf 74' lang='lat' dir='ltr'>epulis.</span> <span class='ocrx_word' id='word_1_97' title='bbox 831 948 1004 998; x_wconf 64' lang='lat' dir='ltr'>Setngslli</span> <span class='ocrx_word' id='word_1_98' title='bbox 1024 960 1096 998; x_wconf 88' lang='lat' dir='ltr'>per</span> <span class='ocrx_word' id='word_1_99' title='bbox 1125 960 1169 985; x_wconf 93' lang='grc'><strong>36</strong></span> <span class='ocrx_word' id='word_1_100' title='bbox 1200 947 1348 986; x_wconf 87' lang='lat' dir='ltr'>mentio</span> <span class='ocrx_word' id='word_1_101' title='bbox 1369 947 1485 986; x_wconf 83' lang='lat' dir='ltr'>etiam</span> <span class='ocrx_word' id='word_1_102' title='bbox 1507 944 1734 992; x_wconf 79' lang='lat' dir='ltr'>herbosum,</span> 
     </span>
     <span class='ocr_line' id='line_1_13' title="bbox 193 1020 1734 1069; baseline -0.002 -9"><span class='ocrx_word' id='word_1_103' title='bbox 193 1027 234 1060; x_wconf 91' lang='lat' dir='ltr'>ut</span> <span class='ocrx_word' id='word_1_104' title='bbox 265 1022 432 1061; x_wconf 89' lang='lat' dir='ltr'>Ovidius</span> <span class='ocrx_word' id='word_1_105' title='bbox 464 1022 567 1060; x_wconf 85' lang='lat' dir='ltr'>Fast.</span> <span class='ocrx_word' id='word_1_106' title='bbox 601 1021 663 1059; x_wconf 79' lang='lat' dir='ltr'>tV.</span> <span class='ocrx_word' id='word_1_107' title='bbox 684 1020 776 1060; x_wconf 56' lang='grc' dir='ltr'>ι167.</span> <span class='ocrx_word' id='word_1_108' title='bbox 809 1021 877 1069; x_wconf 85' lang='lat' dir='ltr'>ait,</span> <span class='ocrx_word' id='word_1_109' title='bbox 910 1024 1104 1058; x_wconf 74' lang='lat' dir='ltr'>moretum</span> <span class='ocrx_word' id='word_1_110' title='bbox 1135 1020 1174 1058; x_wconf 92' lang='lat' dir='ltr'>in</span> <span class='ocrx_word' id='word_1_111' title='bbox 1208 1023 1378 1058; x_wconf 82' lang='lat' dir='ltr'>mentem</span> <span class='ocrx_word' id='word_1_112' title='bbox 1412 1030 1609 1058; x_wconf 83' lang='lat' dir='ltr'>revocare</span> <span class='ocrx_word' id='word_1_113' title='bbox 1633 1029 1734 1069; x_wconf 90' lang='lat' dir='ltr'>pos-</span> 
     </span>
     <span class='ocr_line' id='line_1_14' title="bbox 196 1090 1733 1145; baseline -0.001 -13"><span class='ocrx_word' id='word_1_114' title='bbox 196 1098 271 1143; x_wconf 83' lang='lat' dir='ltr'>set,</span> <span class='ocrx_word' id='word_1_115' title='bbox 304 1094 344 1132; x_wconf 89' lang='lat' dir='ltr'>in</span> <span class='ocrx_word' id='word_1_116' title='bbox 374 1105 452 1145; x_wconf 87' lang='lat' dir='ltr'>quo</span> <span class='ocrx_word' id='word_1_117' title='bbox 485 1105 597 1132; x_wconf 87' lang='lat' dir='ltr'>usum</span> <span class='ocrx_word' id='word_1_118' title='bbox 629 1092 790 1143; x_wconf 67' lang='lat' dir='ltr'>serpylli</span> <span class='ocrx_word' id='word_1_119' title='bbox 820 1092 958 1141; x_wconf 73' lang='lat' dir='ltr'>luisse,</span> <span class='ocrx_word' id='word_1_120' title='bbox 990 1095 1084 1130; x_wconf 86' lang='lat' dir='ltr'>nota</span> <span class='ocrx_word' id='word_1_121' title='bbox 1113 1103 1180 1130; x_wconf 87' lang='lat' dir='ltr'>res</span> <span class='ocrx_word' id='word_1_122' title='bbox 1213 1103 1263 1129; x_wconf 83' lang='lat' dir='ltr'>ex</span> <span class='ocrx_word' id='word_1_123' title='bbox 1294 1090 1459 1143; x_wconf 82' lang='lat' dir='ltr'>Virgilio</span> <span class='ocrx_word' id='word_1_124' title='bbox 1490 1091 1573 1130; x_wconf 89' lang='lat' dir='ltr'>Ecl.</span> <span class='ocrx_word' id='word_1_125' title='bbox 1594 1090 1641 1128; x_wconf 92' lang='lat'>11.</span> <span class='ocrx_word' id='word_1_126' title='bbox 1671 1091 1733 1130; x_wconf 89' lang='grc'>10.</span> 
     </span>
     <span class='ocr_line' id='line_1_15' title="bbox 203 1162 1738 1216; baseline 0 -12"><span class='ocrx_word' id='word_1_127' title='bbox 203 1165 397 1216; x_wconf 75' lang='lat' dir='ltr'>Thestylis</span> <span class='ocrx_word' id='word_1_128' title='bbox 442 1169 479 1203; x_wconf 84' lang='lat' dir='ltr'>et</span> <span class='ocrx_word' id='word_1_129' title='bbox 517 1165 663 1215; x_wconf 77' lang='lat' dir='ltr'>rapido</span> <span class='ocrx_word' id='word_1_130' title='bbox 693 1164 817 1216; x_wconf 77' lang='lat' dir='ltr'>sessis</span> <span class='ocrx_word' id='word_1_131' title='bbox 857 1163 1106 1202; x_wconf 70' lang='lat' dir='ltr'>messoribus</span> <span class='ocrx_word' id='word_1_132' title='bbox 1148 1168 1262 1202; x_wconf 71' lang='lat' dir='ltr'>aestu</span> <span class='ocrx_word' id='word_1_133' title='bbox 1293 1163 1403 1202; x_wconf 70' lang='lat' dir='ltr'>Allia</span> <span class='ocrx_word' id='word_1_134' title='bbox 1443 1162 1738 1216; x_wconf 83' lang='lat' dir='ltr'>serpyllumque</span> 
     </span>
     <span class='ocr_line' id='line_1_16' title="bbox 198 1236 1739 1276; baseline 0.001 -1"><span class='ocrx_word' id='word_1_135' title='bbox 198 1237 345 1276; x_wconf 79' lang='lat' dir='ltr'>herbas</span> <span class='ocrx_word' id='word_1_136' title='bbox 377 1237 580 1276; x_wconf 74' lang='lat' dir='ltr'>contundit</span> <span class='ocrx_word' id='word_1_137' title='bbox 609 1237 765 1276; x_wconf 71' lang='lat' dir='ltr'>olentis.</span> <span class='ocrx_word' id='word_1_138' title='bbox 823 1237 877 1276; x_wconf 83' lang='lat' dir='ltr'>At</span> <span class='ocrx_word' id='word_1_139' title='bbox 907 1236 1051 1276; x_wconf 88' lang='lat' dir='ltr'>sonchi</span> <span class='ocrx_word' id='word_1_140' title='bbox 1081 1240 1120 1275; x_wconf 86' lang='lat' dir='ltr'>et</span> <span class='ocrx_word' id='word_1_141' title='bbox 1152 1236 1318 1275; x_wconf 84' lang='lat' dir='ltr'>cretlnni</span> <span class='ocrx_word' id='word_1_142' title='bbox 1351 1248 1465 1275; x_wconf 85' lang='lat' dir='ltr'>usum</span> <span class='ocrx_word' id='word_1_143' title='bbox 1505 1237 1546 1275; x_wconf 91' lang='lat' dir='ltr'>in</span> <span class='ocrx_word' id='word_1_144' title='bbox 1583 1240 1739 1276; x_wconf 86' lang='lat' dir='ltr'>moreto</span> 
     </span>
     <span class='ocr_line' id='line_1_17' title="bbox 199 1309 1743 1362; baseline 0 -13"><span class='ocrx_word' id='word_1_145' title='bbox 199 1309 324 1349; x_wconf 81' lang='lat' dir='ltr'>fuisse</span> <span class='ocrx_word' id='word_1_146' title='bbox 356 1322 436 1349; x_wconf 91' lang='lat' dir='ltr'>non</span> <span class='ocrx_word' id='word_1_147' title='bbox 470 1311 657 1362; x_wconf 76' lang='lat' dir='ltr'>reperi03</span> <span class='ocrx_word' id='word_1_148' title='bbox 694 1315 732 1348; x_wconf 89' lang='lat' dir='ltr'>et</span> <span class='ocrx_word' id='word_1_149' title='bbox 773 1309 881 1361; x_wconf 84' lang='lat' dir='ltr'>quod</span> <span class='ocrx_word' id='word_1_150' title='bbox 912 1310 1053 1360; x_wconf 88' lang='lat' dir='ltr'>aliquis</span> <span class='ocrx_word' id='word_1_151' title='bbox 1086 1309 1301 1358; x_wconf 86' lang='lat' dir='ltr'>coniiciat,</span> <span class='ocrx_word' id='word_1_152' title='bbox 1330 1309 1369 1348; x_wconf 91' lang='lat' dir='ltr'>in</span> <span class='ocrx_word' id='word_1_153' title='bbox 1400 1309 1550 1348; x_wconf 88' lang='lat' dir='ltr'>Hecale</span> <span class='ocrx_word' id='word_1_154' title='bbox 1582 1321 1743 1362; x_wconf 89' lang='lat' dir='ltr'>ponen-</span> 
     </span>
     <span class='ocr_line' id='line_1_18' title="bbox 202 1378 1742 1434; baseline 0 -12"><span class='ocrx_word' id='word_1_155' title='bbox 202 1382 290 1422; x_wconf 89' lang='lat' dir='ltr'>dum</span> <span class='ocrx_word' id='word_1_156' title='bbox 323 1395 415 1421; x_wconf 89' lang='lat' dir='ltr'>esse</span> <span class='ocrx_word' id='word_1_157' title='bbox 445 1383 726 1434; x_wconf 78' lang='lat' dir='ltr'>Fragmentum</span> <span class='ocrx_word' id='word_1_158' title='bbox 761 1381 1019 1421; x_wconf 84' lang='lat' dir='ltr'>CCLXXXII.</span> <span class='ocrx_word' id='word_1_159' title='bbox 1059 1379 1108 1432; x_wconf 75' lang='grc' dir='ltr'>ἣν</span> <span class='ocrx_word' id='word_1_160' title='bbox 1140 1382 1368 1433; x_wconf 64' lang='grc' dir='ltr'>ἑτρίψαιιτο</span> <span class='ocrx_word' id='word_1_161' title='bbox 1411 1378 1627 1432; x_wconf 79' lang='grc' dir='ltr'><em>μυσωτόν,</em></span> <span class='ocrx_word' id='word_1_162' title='bbox 1669 1382 1742 1432; x_wconf 83' lang='grc'><strong>316,</strong></span> 
     </span>
     <span class='ocr_line' id='line_1_19' title="bbox 202 1454 1743 1505; baseline 0.001 -13"><span class='ocrx_word' id='word_1_163' title='bbox 202 1454 309 1505; x_wconf 76' lang='lat' dir='ltr'>quod</span> <span class='ocrx_word' id='word_1_164' title='bbox 340 1455 585 1494; x_wconf 65' lang='lat' dir='ltr'>intr-inerant</span> <span class='ocrx_word' id='word_1_165' title='bbox 608 1460 803 1493; x_wconf 78' lang='lat' dir='ltr'>moretum</span> <span class='ocrx_word' id='word_1_166' title='bbox 834 1455 942 1505; x_wconf 81' lang='lat' dir='ltr'>(scil.</span> <span class='ocrx_word' id='word_1_167' title='bbox 974 1454 1124 1494; x_wconf 90' lang='lat' dir='ltr'>Hecale</span> <span class='ocrx_word' id='word_1_168' title='bbox 1156 1459 1194 1494; x_wconf 84' lang='lat' dir='ltr'>ct</span> <span class='ocrx_word' id='word_1_169' title='bbox 1226 1454 1368 1494; x_wconf 85' lang='lat' dir='ltr'>ancilla</span> <span class='ocrx_word' id='word_1_170' title='bbox 1399 1454 1607 1505; x_wconf 86' lang='lat' dir='ltr'>Hecales),</span> <span class='ocrx_word' id='word_1_171' title='bbox 1637 1466 1743 1495; x_wconf 87' lang='lat' dir='ltr'>vana</span> 
     </span>
     <span class='ocr_line' id='line_1_20' title="bbox 204 1526 1742 1582; baseline -0.002 -13"><span class='ocrx_word' id='word_1_172' title='bbox 204 1530 381 1582; x_wconf 86' lang='lat' dir='ltr'>suspicio</span> <span class='ocrx_word' id='word_1_173' title='bbox 412 1529 540 1578; x_wconf 85' lang='lat' dir='ltr'>soret,</span> <span class='ocrx_word' id='word_1_174' title='bbox 571 1540 687 1580; x_wconf 87' lang='lat' dir='ltr'>quum</span> <span class='ocrx_word' id='word_1_175' title='bbox 723 1528 822 1567; x_wconf 89' lang='lat' dir='ltr'>alias</span> <span class='ocrx_word' id='word_1_176' title='bbox 856 1527 896 1567; x_wconf 90' lang='lat' dir='ltr'>id</span> <span class='ocrx_word' id='word_1_177' title='bbox 936 1526 1201 1580; x_wconf 74' lang='lat' dir='ltr'>fragmentum</span> <span class='ocrx_word' id='word_1_178' title='bbox 1233 1527 1522 1580; x_wconf 71' lang='lat' dir='ltr'>explicationes</span> <span class='ocrx_word' id='word_1_179' title='bbox 1551 1527 1742 1567; x_wconf 84' lang='lat' dir='ltr'>admittat.</span> 
     </span>
     <span class='ocr_line' id='line_1_21' title="bbox 205 1599 1746 1653; baseline -0.001 -11"><span class='ocrx_word' id='word_1_180' title='bbox 205 1603 254 1643; x_wconf 71' lang='lat' dir='ltr'>Ut</span> <span class='ocrx_word' id='word_1_181' title='bbox 284 1602 444 1641; x_wconf 87' lang='lat' dir='ltr'>minime</span> <span class='ocrx_word' id='word_1_182' title='bbox 486 1604 618 1652; x_wconf 85' lang='lat' dir='ltr'>inepta</span> <span class='ocrx_word' id='word_1_183' title='bbox 650 1605 708 1639; x_wconf 87' lang='lat' dir='ltr'>est</span> <span class='ocrx_word' id='word_1_184' title='bbox 752 1600 948 1653; x_wconf 82' lang='lat' dir='ltr'>Scaligeri</span> <span class='ocrx_word' id='word_1_185' title='bbox 995 1600 1044 1639; x_wconf 88' lang='lat' dir='ltr'>ad</span> <span class='ocrx_word' id='word_1_186' title='bbox 1084 1600 1276 1639; x_wconf 72' lang='lat' dir='ltr'>llloretum</span> <span class='ocrx_word' id='word_1_187' title='bbox 1309 1613 1346 1651; x_wconf 91' lang='lat' dir='ltr'>p.</span> <span class='ocrx_word' id='word_1_188' title='bbox 1380 1601 1470 1642; x_wconf 78' lang='lat'>158.</span> <span class='ocrx_word' id='word_1_189' title='bbox 1517 1599 1746 1653; x_wconf 86' lang='lat' dir='ltr'>explicatio,</span> 
     </span>
     <span class='ocr_line' id='line_1_22' title="bbox 207 1672 1746 1728; baseline -0.001 -13"><span class='ocrx_word' id='word_1_190' title='bbox 207 1674 413 1728; x_wconf 76' lang='lat' dir='ltr'>proverbii</span> <span class='ocrx_word' id='word_1_191' title='bbox 455 1676 493 1714; x_wconf 85' lang='lat' dir='ltr'>in</span> <span class='ocrx_word' id='word_1_192' title='bbox 535 1675 691 1712; x_wconf 87' lang='lat' dir='ltr'>modum</span> <span class='ocrx_word' id='word_1_193' title='bbox 728 1673 874 1711; x_wconf 84' lang='lat' dir='ltr'>dietum</span> <span class='ocrx_word' id='word_1_194' title='bbox 915 1673 1039 1712; x_wconf 81' lang='lat' dir='ltr'>fuisse</span> <span class='ocrx_word' id='word_1_195' title='bbox 1085 1685 1107 1711; x_wconf 87' lang='lat' dir='ltr'>a</span> <span class='ocrx_word' id='word_1_196' title='bbox 1149 1672 1416 1712; x_wconf 83' lang='lat' dir='ltr'>Callimacho:</span> <span class='ocrx_word' id='word_1_197' title='bbox 1458 1674 1630 1713; x_wconf 76' lang='lat' dir='ltr'>exedere</span> <span class='ocrx_word' id='word_1_198' title='bbox 1672 1673 1746 1714; x_wconf 82' lang='lat' dir='ltr'>hos</span> 
     </span>
     <span class='ocr_line' id='line_1_23' title="bbox 208 1746 1747 1798; baseline -0.001 -11"><span class='ocrx_word' id='word_1_199' title='bbox 208 1748 351 1797; x_wconf 80' lang='lat' dir='ltr'>decuit,</span> <span class='ocrx_word' id='word_1_200' title='bbox 376 1747 454 1786; x_wconf 73' lang='lat' dir='ltr'>sibi</span> <span class='ocrx_word' id='word_1_201' title='bbox 484 1747 591 1798; x_wconf 77' lang='lat' dir='ltr'>quod</span> <span class='ocrx_word' id='word_1_202' title='bbox 618 1746 769 1784; x_wconf 69' lang='lat' dir='ltr'>trivere</span> <span class='ocrx_word' id='word_1_203' title='bbox 801 1750 1007 1784; x_wconf 81' lang='lat' dir='ltr'>moretum.</span> <span class='ocrx_word' id='word_1_204' title='bbox 1098 1746 1216 1785; x_wconf 89' lang='lat' dir='ltr'>Carni</span> <span class='ocrx_word' id='word_1_205' title='bbox 1236 1747 1270 1785; x_wconf 90' lang='lat' dir='ltr'>si</span> <span class='ocrx_word' id='word_1_206' title='bbox 1292 1746 1421 1785; x_wconf 91' lang='lat' dir='ltr'>locum</span> <span class='ocrx_word' id='word_1_207' title='bbox 1441 1758 1531 1786; x_wconf 90' lang='grc'><strong>6336</strong></span> <span class='ocrx_word' id='word_1_208' title='bbox 1550 1747 1586 1785; x_wconf 89' lang='lat' dir='ltr'>in</span> <span class='ocrx_word' id='word_1_209' title='bbox 1607 1758 1747 1786; x_wconf 88' lang='lat' dir='ltr'>mensa</span> 
     </span>
     <span class='ocr_line' id='line_1_24' title="bbox 210 1818 1746 1872; baseline -0.001 -12"><span class='ocrx_word' id='word_1_210' title='bbox 210 1821 381 1860; x_wconf 87' lang='lat' dir='ltr'>Hecales</span> <span class='ocrx_word' id='word_1_211' title='bbox 412 1824 641 1867; x_wconf 87' lang='lat' dir='ltr'>constaret,</span> <span class='ocrx_word' id='word_1_212' title='bbox 672 1830 751 1857; x_wconf 86' lang='lat' dir='ltr'>non</span> <span class='ocrx_word' id='word_1_213' title='bbox 785 1831 908 1870; x_wconf 71' lang='lat' dir='ltr'>aegre</span> <span class='ocrx_word' id='word_1_214' title='bbox 950 1818 1096 1857; x_wconf 80' lang='lat' dir='ltr'>serrem</span> <span class='ocrx_word' id='word_1_215' title='bbox 1138 1818 1215 1858; x_wconf 87' lang='lat' dir='ltr'>huc</span> <span class='ocrx_word' id='word_1_216' title='bbox 1258 1819 1424 1858; x_wconf 88' lang='lat' dir='ltr'>relatum</span> <span class='ocrx_word' id='word_1_217' title='bbox 1467 1820 1746 1872; x_wconf 78' lang='lat' dir='ltr'>Fragmentum</span> 
     </span>
     <span class='ocr_line' id='line_1_25' title="bbox 211 1888 1748 1944; baseline -0.001 -10"><span class='ocrx_word' id='word_1_218' title='bbox 211 1894 320 1934; x_wconf 89' lang='lat' dir='ltr'><strong>CCL.</strong></span> <span class='ocrx_word' id='word_1_219' title='bbox 352 1889 396 1932; x_wconf 81' lang='grc' dir='ltr'>ὅν</span> <span class='ocrx_word' id='word_1_220' title='bbox 424 1909 469 1933; x_wconf 82' lang='grc' dir='ltr'>τε</span> <span class='ocrx_word' id='word_1_221' title='bbox 509 1888 696 1943; x_wconf 75' lang='grc' dir='ltr'><em>μάλιστα</em></span> <span class='ocrx_word' id='word_1_222' title='bbox 729 1892 841 1941; x_wconf 74' lang='grc' dir='ltr'>βοῶν</span> <span class='ocrx_word' id='word_1_223' title='bbox 872 1890 1100 1930; x_wconf 65' lang='grc' dir='ltr'>ποθέουσιν</span> <span class='ocrx_word' id='word_1_224' title='bbox 1140 1892 1304 1942; x_wconf 73' lang='grc' dir='ltr'>ἐχῖνον,</span> <span class='ocrx_word' id='word_1_225' title='bbox 1345 1904 1432 1930; x_wconf 87' lang='lat' dir='ltr'>cum</span> <span class='ocrx_word' id='word_1_226' title='bbox 1481 1892 1748 1944; x_wconf 77' lang='lat' dir='ltr'>explicatione</span> 
     </span>
     <span class='ocr_line' id='line_1_26' title="bbox 211 1963 1750 2013; baseline -0.001 -8"><span class='ocrx_word' id='word_1_227' title='bbox 211 1966 397 2007; x_wconf 85' lang='lat' dir='ltr'>Ernestii.</span> <span class='ocrx_word' id='word_1_228' title='bbox 512 1964 678 2004; x_wconf 85' lang='lat' dir='ltr'>Meursii</span> <span class='ocrx_word' id='word_1_229' title='bbox 710 1965 832 2003; x_wconf 89' lang='lat' dir='ltr'>mirus</span> <span class='ocrx_word' id='word_1_230' title='bbox 864 1974 979 2002; x_wconf 88' lang='lat' dir='ltr'>error</span> <span class='ocrx_word' id='word_1_231' title='bbox 1009 1967 1091 2013; x_wconf 87' lang='lat' dir='ltr'>est,</span> <span class='ocrx_word' id='word_1_232' title='bbox 1126 1963 1166 2002; x_wconf 92' lang='lat' dir='ltr'>in</span> <span class='ocrx_word' id='word_1_233' title='bbox 1199 1963 1356 2002; x_wconf 88' lang='lat' dir='ltr'>Theseo</span> <span class='ocrx_word' id='word_1_234' title='bbox 1389 1977 1422 2003; x_wconf 91' lang='grc'><strong>6.</strong></span> <span class='ocrx_word' id='word_1_235' title='bbox 1462 1966 1523 2005; x_wconf 90' lang='grc'>10.</span> <span class='ocrx_word' id='word_1_236' title='bbox 1558 1965 1609 2004; x_wconf 89' lang='lat' dir='ltr'>ad</span> <span class='ocrx_word' id='word_1_237' title='bbox 1648 1976 1750 2004; x_wconf 92' lang='lat' dir='ltr'>coe-</span> 
     </span>
     <span class='ocr_line' id='line_1_27' title="bbox 217 2035 1751 2088; baseline -0.001 -11"><span class='ocrx_word' id='word_1_238' title='bbox 217 2052 306 2078; x_wconf 88' lang='lat' dir='ltr'>nam</span> <span class='ocrx_word' id='word_1_239' title='bbox 338 2038 509 2077; x_wconf 86' lang='lat' dir='ltr'>Hecales</span> <span class='ocrx_word' id='word_1_240' title='bbox 554 2037 785 2075; x_wconf 82' lang='lat' dir='ltr'>revocantis</span> <span class='ocrx_word' id='word_1_241' title='bbox 829 2036 1099 2075; x_wconf 79' lang='lat' dir='ltr'>narrationem</span> <span class='ocrx_word' id='word_1_242' title='bbox 1145 2035 1194 2074; x_wconf 90' lang='lat' dir='ltr'>de</span> <span class='ocrx_word' id='word_1_243' title='bbox 1233 2035 1390 2075; x_wconf 89' lang='lat' dir='ltr'>Theseo</span> <span class='ocrx_word' id='word_1_244' title='bbox 1434 2036 1584 2088; x_wconf 77' lang='lat' dir='ltr'>Lyncei</span> <span class='ocrx_word' id='word_1_245' title='bbox 1629 2037 1751 2077; x_wconf 88' lang='lat' dir='ltr'>Samii</span> 
     </span>
     <span class='ocr_line' id='line_1_28' title="bbox 215 2107 1773 2163; baseline -0.002 -12"><span class='ocrx_word' id='word_1_246' title='bbox 215 2112 318 2163; x_wconf 88' lang='lat' dir='ltr'>apud</span> <span class='ocrx_word' id='word_1_247' title='bbox 348 2111 597 2150; x_wconf 85' lang='lat' dir='ltr'>Athenaeum</span> <span class='ocrx_word' id='word_1_248' title='bbox 620 2108 699 2147; x_wconf 74' lang='lat' dir='ltr'>Vll.</span> <span class='ocrx_word' id='word_1_249' title='bbox 725 2121 760 2159; x_wconf 88' lang='lat' dir='ltr'>p.</span> <span class='ocrx_word' id='word_1_250' title='bbox 784 2109 877 2147; x_wconf 65' lang='lat'>295.</span> <span class='ocrx_word' id='word_1_251' title='bbox 897 2107 940 2152; x_wconf 82' lang='lat' dir='ltr'>B,</span> <span class='ocrx_word' id='word_1_252' title='bbox 1000 2107 1057 2147; x_wconf 90' lang='lat' dir='ltr'>Ea</span> <span class='ocrx_word' id='word_1_253' title='bbox 1089 2108 1181 2160; x_wconf 81' lang='lat' dir='ltr'>quid</span> <span class='ocrx_word' id='word_1_254' title='bbox 1212 2108 1288 2147; x_wconf 85' lang='lat' dir='ltr'>sibi</span> <span class='ocrx_word' id='word_1_255' title='bbox 1318 2109 1424 2157; x_wconf 91' lang='lat' dir='ltr'>velit,</span> <span class='ocrx_word' id='word_1_256' title='bbox 1455 2108 1671 2148; x_wconf 89' lang='lat' dir='ltr'>indicatum</span> <span class='ocrx_word' id='word_1_257' title='bbox 1690 2113 1773 2148; x_wconf 17' lang='lat' dir='ltr'>est*</span> 
     </span>
     <span class='ocr_line' id='line_1_29' title="bbox 216 2180 1751 2236; baseline -0.003 -12"><span class='ocrx_word' id='word_1_258' title='bbox 216 2185 310 2236; x_wconf 87' lang='lat' dir='ltr'>Cap.</span> <span class='ocrx_word' id='word_1_259' title='bbox 345 2183 410 2224; x_wconf 90' lang='lat' dir='ltr'>Ill.</span> <span class='ocrx_word' id='word_1_260' title='bbox 442 2197 478 2235; x_wconf 91' lang='lat' dir='ltr'>p.</span> <span class='ocrx_word' id='word_1_261' title='bbox 518 2183 585 2224; x_wconf 69' lang='grc'>88.</span> <span class='ocrx_word' id='word_1_262' title='bbox 654 2182 770 2228; x_wconf 79' lang='lat' dir='ltr'>Quod</span> <span class='ocrx_word' id='word_1_263' title='bbox 811 2187 941 2221; x_wconf 90' lang='lat' dir='ltr'>autem</span> <span class='ocrx_word' id='word_1_264' title='bbox 983 2181 1228 2234; x_wconf 85' lang='lat' dir='ltr'>singularem</span> <span class='ocrx_word' id='word_1_265' title='bbox 1278 2180 1462 2220; x_wconf 88' lang='lat' dir='ltr'>fabellam</span> <span class='ocrx_word' id='word_1_266' title='bbox 1504 2181 1615 2232; x_wconf 88' lang='lat' dir='ltr'>dixi,</span> <span class='ocrx_word' id='word_1_267' title='bbox 1668 2193 1751 2220; x_wconf 92' lang='lat' dir='ltr'>non</span> 
     </span>
     <span class='ocr_line' id='line_1_30' title="bbox 216 2252 1754 2304; baseline -0.003 -7"><span class='ocrx_word' id='word_1_268' title='bbox 216 2262 293 2297; x_wconf 87' lang='lat' dir='ltr'>tam</span> <span class='ocrx_word' id='word_1_269' title='bbox 328 2257 574 2296; x_wconf 87' lang='lat' dir='ltr'>obscoenum</span> <span class='ocrx_word' id='word_1_270' title='bbox 617 2255 721 2296; x_wconf 86' lang='lat' dir='ltr'>istud</span> <span class='ocrx_word' id='word_1_271' title='bbox 758 2255 1039 2294; x_wconf 86' lang='lat' dir='ltr'>commercium</span> <span class='ocrx_word' id='word_1_272' title='bbox 1070 2254 1274 2303; x_wconf 84' lang='lat' dir='ltr'>mirabar,</span> <span class='ocrx_word' id='word_1_273' title='bbox 1306 2254 1417 2293; x_wconf 88' lang='lat' dir='ltr'>cuius</span> <span class='ocrx_word' id='word_1_274' title='bbox 1454 2252 1529 2292; x_wconf 89' lang='lat' dir='ltr'>alia</span> <span class='ocrx_word' id='word_1_275' title='bbox 1569 2253 1754 2304; x_wconf 86' lang='lat' dir='ltr'>exempla</span> 
     </span>
     <span class='ocr_line' id='line_1_31' title="bbox 216 2324 1755 2382; baseline -0.003 -12"><span class='ocrx_word' id='word_1_276' title='bbox 216 2334 400 2382; x_wconf 82' lang='lat' dir='ltr'>prostant</span> <span class='ocrx_word' id='word_1_277' title='bbox 434 2331 474 2369; x_wconf 90' lang='lat' dir='ltr'>in</span> <span class='ocrx_word' id='word_1_278' title='bbox 504 2333 636 2369; x_wconf 89' lang='lat' dir='ltr'>aetate</span> <span class='ocrx_word' id='word_1_279' title='bbox 668 2328 860 2377; x_wconf 90' lang='lat' dir='ltr'>heroica,</span> <span class='ocrx_word' id='word_1_280' title='bbox 893 2327 959 2367; x_wconf 88' lang='lat' dir='ltr'>vel</span> <span class='ocrx_word' id='word_1_281' title='bbox 985 2327 1170 2378; x_wconf 89' lang='lat' dir='ltr'>antiqua,</span> <span class='ocrx_word' id='word_1_282' title='bbox 1201 2325 1265 2364; x_wconf 70' lang='lat' dir='ltr'>vel</span> <span class='ocrx_word' id='word_1_283' title='bbox 1299 2324 1431 2364; x_wconf 85' lang='lat' dir='ltr'>afficta</span> <span class='ocrx_word' id='word_1_284' title='bbox 1461 2325 1499 2364; x_wconf 92' lang='lat' dir='ltr'>ei</span> <span class='ocrx_word' id='word_1_285' title='bbox 1531 2326 1652 2365; x_wconf 85' lang='lat' dir='ltr'>aetati</span> <span class='ocrx_word' id='word_1_286' title='bbox 1681 2337 1755 2378; x_wconf 89' lang='lat' dir='ltr'>per</span> 
     </span>
     <span class='ocr_line' id='line_1_32' title="bbox 218 2396 1756 2454; baseline -0.003 -12"><span class='ocrx_word' id='word_1_287' title='bbox 218 2402 410 2454; x_wconf 89' lang='lat' dir='ltr'>temporis</span> <span class='ocrx_word' id='word_1_288' title='bbox 438 2401 677 2454; x_wconf 88' lang='lat' dir='ltr'>posterioris</span> <span class='ocrx_word' id='word_1_289' title='bbox 705 2400 935 2450; x_wconf 87' lang='lat' dir='ltr'>libidinem,</span> <span class='ocrx_word' id='word_1_290' title='bbox 965 2411 1081 2450; x_wconf 89' lang='lat' dir='ltr'>quam</span> <span class='ocrx_word' id='word_1_291' title='bbox 1110 2398 1212 2449; x_wconf 90' lang='lat' dir='ltr'>hoc,</span> <span class='ocrx_word' id='word_1_292' title='bbox 1243 2397 1310 2437; x_wconf 89' lang='lat' dir='ltr'>ubi</span> <span class='ocrx_word' id='word_1_293' title='bbox 1341 2396 1435 2436; x_wconf 92' lang='lat' dir='ltr'>illud</span> <span class='ocrx_word' id='word_1_294' title='bbox 1477 2402 1608 2437; x_wconf 89' lang='lat' dir='ltr'>actum</span> <span class='ocrx_word' id='word_1_295' title='bbox 1638 2397 1756 2438; x_wconf 84' lang='lat' dir='ltr'>suerit</span> 
     </span>
     <span class='ocr_line' id='line_1_33' title="bbox 219 2469 1756 2525; baseline -0.003 -11"><span class='ocrx_word' id='word_1_296' title='bbox 219 2475 326 2514; x_wconf 88' lang='lat' dir='ltr'>inter</span> <span class='ocrx_word' id='word_1_297' title='bbox 357 2474 625 2525; x_wconf 88' lang='lat' dir='ltr'>Tlepolemum</span> <span class='ocrx_word' id='word_1_298' title='bbox 657 2477 697 2512; x_wconf 85' lang='lat' dir='ltr'>et</span> <span class='ocrx_word' id='word_1_299' title='bbox 726 2472 934 2512; x_wconf 87' lang='lat' dir='ltr'>Theseum.</span> <span class='ocrx_word' id='word_1_300' title='bbox 994 2472 1182 2520; x_wconf 78' lang='lat' dir='ltr'>Dixeris,</span> <span class='ocrx_word' id='word_1_301' title='bbox 1214 2471 1252 2509; x_wconf 93' lang='lat' dir='ltr'>in</span> <span class='ocrx_word' id='word_1_302' title='bbox 1286 2469 1428 2509; x_wconf 89' lang='lat' dir='ltr'>Rhodo</span> <span class='ocrx_word' id='word_1_303' title='bbox 1476 2469 1629 2521; x_wconf 87' lang='lat' dir='ltr'>insula,</span> <span class='ocrx_word' id='word_1_304' title='bbox 1663 2470 1756 2522; x_wconf 87' lang='lat' dir='ltr'>quia</span> 
     </span>
     <span class='ocr_line' id='line_1_34' title="bbox 221 2543 1757 2598; baseline -0.003 -12"><span class='ocrx_word' id='word_1_305' title='bbox 221 2547 398 2586; x_wconf 89' lang='lat' dir='ltr'>Rhodius</span> <span class='ocrx_word' id='word_1_306' title='bbox 430 2547 552 2598; x_wconf 86' lang='lat' dir='ltr'>piscis</span> <span class='ocrx_word' id='word_1_307' title='bbox 586 2546 658 2585; x_wconf 86' lang='lat' dir='ltr'>suit</span> <span class='ocrx_word' id='word_1_308' title='bbox 686 2544 856 2597; x_wconf 76' lang='grc' dir='ltr'><em>γαλεός,</em></span> <span class='ocrx_word' id='word_1_309' title='bbox 889 2544 1151 2584; x_wconf 87' lang='lat' dir='ltr'>Archestrato</span> <span class='ocrx_word' id='word_1_310' title='bbox 1185 2547 1301 2592; x_wconf 87' lang='lat' dir='ltr'>teste,</span> <span class='ocrx_word' id='word_1_311' title='bbox 1333 2547 1495 2594; x_wconf 89' lang='lat' dir='ltr'>propter</span> <span class='ocrx_word' id='word_1_312' title='bbox 1525 2543 1637 2582; x_wconf 87' lang='lat' dir='ltr'>cuius</span> <span class='ocrx_word' id='word_1_313' title='bbox 1660 2544 1757 2581; x_wconf 77' lang='lat' dir='ltr'>ver-</span> 
     </span>
     <span class='ocr_line' id='line_1_35' title="bbox 223 2613 1758 2669; baseline -0.004 -10"><span class='ocrx_word' id='word_1_314' title='bbox 223 2632 290 2659; x_wconf 78' lang='lat' dir='ltr'>sus</span> <span class='ocrx_word' id='word_1_315' title='bbox 323 2619 531 2659; x_wconf 77' lang='lat' dir='ltr'>historiam</span> <span class='ocrx_word' id='word_1_316' title='bbox 562 2618 677 2658; x_wconf 87' lang='lat' dir='ltr'>istam</span> <span class='ocrx_word' id='word_1_317' title='bbox 711 2629 822 2657; x_wconf 87' lang='lat' dir='ltr'>suam</span> <span class='ocrx_word' id='word_1_318' title='bbox 853 2617 1085 2669; x_wconf 82' lang='lat' dir='ltr'>proferebat</span> <span class='ocrx_word' id='word_1_319' title='bbox 1112 2615 1319 2667; x_wconf 81' lang='lat' dir='ltr'>Lynceus3</span> <span class='ocrx_word' id='word_1_320' title='bbox 1350 2619 1390 2654; x_wconf 84' lang='lat' dir='ltr'>et</span> <span class='ocrx_word' id='word_1_321' title='bbox 1417 2619 1512 2654; x_wconf 90' lang='lat' dir='ltr'>nota</span> <span class='ocrx_word' id='word_1_322' title='bbox 1541 2613 1758 2666; x_wconf 87' lang='lat' dir='ltr'>Tlepolemi</span> 
     </span>
     <span class='ocr_line' id='line_1_36' title="bbox 224 2686 1757 2741; baseline -0.004 -11"><span class='ocrx_word' id='word_1_323' title='bbox 224 2692 262 2731; x_wconf 89' lang='lat' dir='ltr'>in</span> <span class='ocrx_word' id='word_1_324' title='bbox 293 2691 433 2729; x_wconf 83' lang='lat' dir='ltr'>Rhodo</span> <span class='ocrx_word' id='word_1_325' title='bbox 466 2691 672 2731; x_wconf 88' lang='lat' dir='ltr'>habitatio.</span> <span class='ocrx_word' id='word_1_326' title='bbox 730 2691 810 2731; x_wconf 88' lang='lat' dir='ltr'>Sed</span> <span class='ocrx_word' id='word_1_327' title='bbox 842 2690 934 2729; x_wconf 94' lang='lat' dir='ltr'>nolo</span> <span class='ocrx_word' id='word_1_328' title='bbox 958 2701 1100 2741; x_wconf 88' lang='lat' dir='ltr'>sapere</span> <span class='ocrx_word' id='word_1_329' title='bbox 1123 2700 1241 2740; x_wconf 85' lang='lat' dir='ltr'>supra</span> <span class='ocrx_word' id='word_1_330' title='bbox 1263 2687 1555 2735; x_wconf 88' lang='lat' dir='ltr'>Casaubonum‚</span> <span class='ocrx_word' id='word_1_331' title='bbox 1583 2686 1649 2737; x_wconf 87' lang='lat' dir='ltr'>qui</span> <span class='ocrx_word' id='word_1_332' title='bbox 1668 2697 1757 2725; x_wconf 88' lang='lat' dir='ltr'>eam</span> 
     </span>
     <span class='ocr_line' id='line_1_37' title="bbox 225 2759 1758 2815; baseline -0.002 -15"><span class='ocrx_word' id='word_1_333' title='bbox 225 2761 430 2801; x_wconf 82' lang='lat' dir='ltr'>historiam</span> <span class='ocrx_word' id='word_1_334' title='bbox 461 2776 591 2815; x_wconf 83' lang='lat' dir='ltr'>neque</span> <span class='ocrx_word' id='word_1_335' title='bbox 621 2763 829 2803; x_wconf 88' lang='lat' dir='ltr'>Plutarcho</span> <span class='ocrx_word' id='word_1_336' title='bbox 862 2764 901 2802; x_wconf 93' lang='lat' dir='ltr'>in</span> <span class='ocrx_word' id='word_1_337' title='bbox 941 2764 1022 2802; x_wconf 76' lang='lat' dir='ltr'>vita</span> <span class='ocrx_word' id='word_1_338' title='bbox 1051 2761 1226 2811; x_wconf 88' lang='lat' dir='ltr'>Thesei,</span> <span class='ocrx_word' id='word_1_339' title='bbox 1267 2771 1399 2812; x_wconf 89' lang='lat' dir='ltr'>neque</span> <span class='ocrx_word' id='word_1_340' title='bbox 1444 2763 1624 2798; x_wconf 89' lang='lat' dir='ltr'>veterum</span> <span class='ocrx_word' id='word_1_341' title='bbox 1666 2759 1758 2798; x_wconf 90' lang='lat' dir='ltr'>cui-</span> 
     </span>
     <span class='ocr_line' id='line_1_38' title="bbox 228 2831 1758 2887; baseline -0.001 -14"><span class='ocrx_word' id='word_1_342' title='bbox 228 2846 358 2885; x_wconf 84' lang='lat' dir='ltr'>quam,</span> <span class='ocrx_word' id='word_1_343' title='bbox 390 2846 527 2874; x_wconf 87' lang='lat' dir='ltr'>corum</span> <span class='ocrx_word' id='word_1_344' title='bbox 558 2836 623 2886; x_wconf 83' lang='lat' dir='ltr'>qui</span> <span class='ocrx_word' id='word_1_345' title='bbox 652 2836 702 2875; x_wconf 90' lang='lat' dir='ltr'>ad</span> <span class='ocrx_word' id='word_1_346' title='bbox 732 2847 808 2876; x_wconf 91' lang='lat' dir='ltr'>nos</span> <span class='ocrx_word' id='word_1_347' title='bbox 837 2838 1124 2887; x_wconf 85' lang='lat' dir='ltr'>pervenerunt,</span> <span class='ocrx_word' id='word_1_348' title='bbox 1155 2835 1354 2873; x_wconf 87' lang='lat' dir='ltr'>narratam</span> <span class='ocrx_word' id='word_1_349' title='bbox 1382 2841 1496 2881; x_wconf 84' lang='lat' dir='ltr'>esse,</span> <span class='ocrx_word' id='word_1_350' title='bbox 1528 2831 1635 2882; x_wconf 89' lang='lat' dir='ltr'>quod</span> <span class='ocrx_word' id='word_1_351' title='bbox 1665 2832 1758 2883; x_wconf 90' lang='lat' dir='ltr'>qui-</span> 
     </span>
    </p>
   </div>
  </div>
 </body>
</html>
