<?xml version="1.0" encoding="UTF-8"?>
<!DOCTYPE html PUBLIC "-//W3C//DTD XHTML 1.0 Transitional//EN"
    "http://www.w3.org/TR/xhtml1/DTD/xhtml1-transitional.dtd">
<html xmlns="http://www.w3.org/1999/xhtml" xml:lang="en" lang="en">
 <head>
  <title>
</title>
<meta http-equiv="Content-Type" content="text/html;charset=utf-8" />
  <meta name='ocr-system' content='tesseract 3.04.00' />
  <meta name='ocr-capabilities' content='ocr_page ocr_carea ocr_par ocr_line ocrx_word'/>
</head>
<body>
  <div class='ocr_page' id='page_1' title='image "./opusculaphilolog02naekuoft/opusculaphilolog02naekuoft_0120.png"; bbox 0 0 1856 3126; ppageno 0'>
   <div class='ocr_carea' id='block_1_1' title="bbox 755 140 1057 174">
    <p class='ocr_par' dir='ltr' id='par_1_1' title="bbox 755 140 1057 174">
     <span class='ocr_line' id='line_1_1' title="bbox 755 140 1057 174; baseline -0.007 1"><span class='ocrx_word' id='word_1_1' title='bbox 755 140 1057 174; x_wconf 61' lang='lat'>—110—</span> 
     </span>
    </p>
   </div>
   <div class='ocr_carea' id='block_1_2' title="bbox 134 250 1741 2813">
    <p class='ocr_par' dir='ltr' id='par_1_2' title="bbox 138 250 1741 2102">
     <span class='ocr_line' id='line_1_2' title="bbox 147 250 1676 308; baseline -0.007 -11"><span class='ocrx_word' id='word_1_2' title='bbox 147 262 185 297; x_wconf 83' lang='lat' dir='ltr'>et</span> <span class='ocrx_word' id='word_1_3' title='bbox 216 255 318 308; x_wconf 86' lang='lat' dir='ltr'>apud</span> <span class='ocrx_word' id='word_1_4' title='bbox 350 255 596 294; x_wconf 85' lang='lat' dir='ltr'>Herodotum</span> <span class='ocrx_word' id='word_1_5' title='bbox 631 255 948 294; x_wconf 81' lang='lat' dir='ltr'>observaverunt</span> <span class='ocrx_word' id='word_1_6' title='bbox 977 254 1065 301; x_wconf 83' lang='lat' dir='ltr'>alii,</span> <span class='ocrx_word' id='word_1_7' title='bbox 1094 265 1196 306; x_wconf 81' lang='lat' dir='ltr'>ego,</span> <span class='ocrx_word' id='word_1_8' title='bbox 1223 257 1265 292; x_wconf 87' lang='lat' dir='ltr'>ut</span> <span class='ocrx_word' id='word_1_9' title='bbox 1295 250 1516 303; x_wconf 79' lang='lat' dir='ltr'>exemplum</span> <span class='ocrx_word' id='word_1_10' title='bbox 1547 260 1676 301; x_wconf 78' lang='lat' dir='ltr'>appo-</span> 
     </span>
     <span class='ocr_line' id='line_1_3' title="bbox 141 320 1677 378; baseline -0.007 -10"><span class='ocrx_word' id='word_1_11' title='bbox 141 341 230 368; x_wconf 81' lang='lat' dir='ltr'>nam</span> <span class='ocrx_word' id='word_1_12' title='bbox 264 340 314 367; x_wconf 85' lang='lat' dir='ltr'>cx</span> <span class='ocrx_word' id='word_1_13' title='bbox 355 327 484 378; x_wconf 79' lang='lat' dir='ltr'>poetis</span> <span class='ocrx_word' id='word_1_14' title='bbox 514 338 659 375; x_wconf 81' lang='lat' dir='ltr'>unum,</span> <span class='ocrx_word' id='word_1_15' title='bbox 693 325 795 378; x_wconf 81' lang='lat' dir='ltr'>apud</span> <span class='ocrx_word' id='word_1_16' title='bbox 827 325 1009 365; x_wconf 86' lang='lat' dir='ltr'>Nonnum</span> <span class='ocrx_word' id='word_1_17' title='bbox 1048 324 1077 363; x_wconf 90' lang='lat' dir='ltr'>I.</span> <span class='ocrx_word' id='word_1_18' title='bbox 1111 325 1206 363; x_wconf 64' lang='lat'>321.</span> <span class='ocrx_word' id='word_1_19' title='bbox 1248 321 1474 377; x_wconf 70' lang='grc' dir='ltr'><strong>ὲπεφοιίεε.</strong></span> <span class='ocrx_word' id='word_1_20' title='bbox 1549 320 1677 360; x_wconf 89' lang='lat' dir='ltr'>Utitur</span> 
     </span>
     <span class='ocr_line' id='line_1_4' title="bbox 145 391 1675 450; baseline -0.005 -13"><span class='ocrx_word' id='word_1_21' title='bbox 145 399 267 437; x_wconf 85' lang='lat' dir='ltr'>altera</span> <span class='ocrx_word' id='word_1_22' title='bbox 301 397 440 445; x_wconf 76' lang='lat' dir='ltr'>forma,</span> <span class='ocrx_word' id='word_1_23' title='bbox 471 398 639 450; x_wconf 72' lang='grc' dir='ltr'><em>ἐφοίτα,</em></span> <span class='ocrx_word' id='word_1_24' title='bbox 671 396 959 445; x_wconf 73' lang='lat' dir='ltr'>Callimachus,</span> <span class='ocrx_word' id='word_1_25' title='bbox 993 395 1063 434; x_wconf 83' lang='lat' dir='ltr'>sed</span> <span class='ocrx_word' id='word_1_26' title='bbox 1097 396 1163 434; x_wconf 87' lang='lat' dir='ltr'>ubi</span> <span class='ocrx_word' id='word_1_27' title='bbox 1191 395 1385 434; x_wconf 80' lang='lat' dir='ltr'>suadebat</span> <span class='ocrx_word' id='word_1_28' title='bbox 1416 397 1608 441; x_wconf 83' lang='lat' dir='ltr'>metrum,</span> <span class='ocrx_word' id='word_1_29' title='bbox 1637 391 1675 429; x_wconf 91' lang='lat' dir='ltr'>h.</span> 
     </span>
     <span class='ocr_line' id='line_1_5' title="bbox 145 449 1673 521; baseline -0.005 -11"><span class='ocrx_word' id='word_1_30' title='bbox 145 471 259 510; x_wconf 87' lang='lat' dir='ltr'>Dian.</span> <span class='ocrx_word' id='word_1_31' title='bbox 295 468 384 509; x_wconf 74' lang='lat'>193.</span> <span class='ocrx_word' id='word_1_32' title='bbox 426 469 582 520; x_wconf 82' lang='lat' dir='ltr'>Fragm.</span> <span class='ocrx_word' id='word_1_33' title='bbox 613 468 772 508; x_wconf 53' lang='lat' dir='ltr'>XXVI.v</span> <span class='ocrx_word' id='word_1_34' title='bbox 811 471 1013 521; x_wconf 68' lang='grc' dir='ltr'><em>ςιοιτασεῖ</em></span> <span class='ocrx_word' id='word_1_35' title='bbox 1047 466 1139 505; x_wconf 83' lang='lat' dir='ltr'>Lav.</span> <span class='ocrx_word' id='word_1_36' title='bbox 1172 449 1262 506; x_wconf 58' lang='lat' dir='ltr'>Pei&#39;tt.</span> <span class='ocrx_word' id='word_1_37' title='bbox 1299 466 1389 506; x_wconf 84' lang='lat'>130.</span> <span class='ocrx_word' id='word_1_38' title='bbox 1433 463 1673 515; x_wconf 85' lang='lat' dir='ltr'>ambiguum.</span> 
     </span>
     <span class='ocr_line' id='line_1_6' title="bbox 138 535 1675 593; baseline -0.006 -12"><span class='ocrx_word' id='word_1_39' title='bbox 138 542 226 582; x_wconf 92' lang='lat' dir='ltr'>Non</span> <span class='ocrx_word' id='word_1_40' title='bbox 258 539 501 593; x_wconf 82' lang='lat' dir='ltr'>progredior</span> <span class='ocrx_word' id='word_1_41' title='bbox 532 540 645 579; x_wconf 85' lang='lat' dir='ltr'>ultra.</span> <span class='ocrx_word' id='word_1_42' title='bbox 715 538 943 586; x_wconf 80' lang='lat' dir='ltr'>Periculosa</span> <span class='ocrx_word' id='word_1_43' title='bbox 979 538 1210 577; x_wconf 83' lang='lat' dir='ltr'>coniectura</span> <span class='ocrx_word' id='word_1_44' title='bbox 1241 537 1371 587; x_wconf 79' lang='lat' dir='ltr'>foret,</span> <span class='ocrx_word' id='word_1_45' title='bbox 1419 535 1468 575; x_wconf 86' lang='lat' dir='ltr'>ad</span> <span class='ocrx_word' id='word_1_46' title='bbox 1503 535 1675 586; x_wconf 81' lang='lat' dir='ltr'>explen-</span> 
     </span>
     <span class='ocr_line' id='line_1_7' title="bbox 141 604 1741 664; baseline -0.006 -11"><span class='ocrx_word' id='word_1_47' title='bbox 141 614 232 654; x_wconf 89' lang='lat' dir='ltr'>dum</span> <span class='ocrx_word' id='word_1_48' title='bbox 260 623 445 660; x_wconf 72' lang='lat' dir='ltr'>versum,</span> <span class='ocrx_word' id='word_1_49' title='bbox 475 610 596 650; x_wconf 87' lang='lat' dir='ltr'>haec:</span> <span class='ocrx_word' id='word_1_50' title='bbox 628 607 853 664; x_wconf 73' lang='grc' dir='ltr'><em>γαιοφάγοι</em></span> <span class='ocrx_word' id='word_1_51' title='bbox 890 614 963 657; x_wconf 85' lang='lat' dir='ltr'>(ex</span> <span class='ocrx_word' id='word_1_52' title='bbox 980 608 1149 649; x_wconf 77' lang='lat' dir='ltr'>Nicand.</span> <span class='ocrx_word' id='word_1_53' title='bbox 1169 608 1285 648; x_wconf 91' lang='lat' dir='ltr'>Ther.</span> <span class='ocrx_word' id='word_1_54' title='bbox 1306 604 1440 656; x_wconf 59' lang='lat'>784),</span> <span class='ocrx_word' id='word_1_55' title='bbox 1473 605 1535 645; x_wconf 81' lang='lat' dir='ltr'>vel</span> <span class='ocrx_word' id='word_1_56' title='bbox 1556 619 1674 657; x_wconf 74' lang='grc' dir='ltr'><em>γαιο-</em></span> <span class='ocrx_word' id='word_1_57' title='bbox 1729 623 1741 631; x_wconf 58' lang='grc'><strong>«</strong></span> 
     </span>
     <span class='ocr_line' id='line_1_8' title="bbox 142 667 1676 739; baseline -0.005 -16"><span class='ocrx_word' id='word_1_58' title='bbox 142 682 327 739; x_wconf 65' lang='grc' dir='ltr'><em>φάγους,</em></span> <span class='ocrx_word' id='word_1_59' title='bbox 359 676 447 722; x_wconf 78' lang='grc' dir='ltr'><em>οἷοί</em></span> <span class='ocrx_word' id='word_1_60' title='bbox 470 697 512 722; x_wconf 80' lang='grc' dir='ltr'>τε</span> <span class='ocrx_word' id='word_1_61' title='bbox 541 685 680 734; x_wconf 82' lang='grc' dir='ltr'><strong>βιοπλ.</strong></span> <span class='ocrx_word' id='word_1_62' title='bbox 714 667 791 720; x_wconf 78' lang='lat' dir='ltr'>etc,</span> <span class='ocrx_word' id='word_1_63' title='bbox 851 681 1039 720; x_wconf 75' lang='lat' dir='ltr'>Fortasse</span> <span class='ocrx_word' id='word_1_64' title='bbox 1070 685 1160 732; x_wconf 88' lang='lat' dir='ltr'>post</span> <span class='ocrx_word' id='word_1_65' title='bbox 1184 681 1401 734; x_wconf 77' lang='grc' dir='ltr'><strong><em>φοιτεῦσιν</em></strong></span> <span class='ocrx_word' id='word_1_66' title='bbox 1431 681 1547 730; x_wconf 86' lang='lat' dir='ltr'>poeta</span> <span class='ocrx_word' id='word_1_67' title='bbox 1578 688 1676 727; x_wconf 82' lang='lat' dir='ltr'>per—</span> 
     </span>
     <span class='ocr_line' id='line_1_9' title="bbox 140 748 1675 808; baseline -0.006 -13"><span class='ocrx_word' id='word_1_68' title='bbox 140 755 385 808; x_wconf 77' lang='lat' dir='ltr'>sequebatur</span> <span class='ocrx_word' id='word_1_69' title='bbox 416 754 728 805; x_wconf 78' lang='lat' dir='ltr'>descriptionem</span> <span class='ocrx_word' id='word_1_70' title='bbox 759 751 1048 799; x_wconf 79' lang='lat' dir='ltr'>mendicorum,</span> <span class='ocrx_word' id='word_1_71' title='bbox 1083 755 1247 802; x_wconf 84' lang='lat' dir='ltr'>eratque</span> <span class='ocrx_word' id='word_1_72' title='bbox 1273 751 1309 788; x_wconf 90' lang='lat' dir='ltr'>in</span> <span class='ocrx_word' id='word_1_73' title='bbox 1331 762 1377 788; x_wconf 86' lang='lat' dir='ltr'>ea</span> <span class='ocrx_word' id='word_1_74' title='bbox 1403 748 1675 799; x_wconf 76' lang='lat' dir='ltr'>descriptione</span> 
     </span>
     <span class='ocr_line' id='line_1_10' title="bbox 141 819 1676 880; baseline -0.005 -15"><span class='ocrx_word' id='word_1_75' title='bbox 141 824 325 880; x_wconf 74' lang='grc' dir='ltr'><em>γηφάγοι</em></span> <span class='ocrx_word' id='word_1_76' title='bbox 357 824 628 867; x_wconf 61' lang='lat' dir='ltr'>vocabulum·</span> <span class='ocrx_word' id='word_1_77' title='bbox 668 823 711 863; x_wconf 91' lang='lat' dir='ltr'>E.</span> <span class='ocrx_word' id='word_1_78' title='bbox 747 835 785 875; x_wconf 79' lang='lat' dir='ltr'>g.</span> <span class='ocrx_word' id='word_1_79' title='bbox 820 827 860 861; x_wconf 88' lang='lat' dir='ltr'>ut</span> <span class='ocrx_word' id='word_1_80' title='bbox 894 823 943 862; x_wconf 86' lang='lat' dir='ltr'>de</span> <span class='ocrx_word' id='word_1_81' title='bbox 973 823 1102 861; x_wconf 87' lang='lat' dir='ltr'>multis</span> <span class='ocrx_word' id='word_1_82' title='bbox 1135 823 1279 871; x_wconf 79' lang='lat' dir='ltr'>modis,</span> <span class='ocrx_word' id='word_1_83' title='bbox 1305 822 1446 873; x_wconf 85' lang='lat' dir='ltr'>quibus</span> <span class='ocrx_word' id='word_1_84' title='bbox 1476 819 1676 860; x_wconf 86' lang='lat' dir='ltr'>nectenda</span> 
     </span>
     <span class='ocr_line' id='line_1_11' title="bbox 142 893 1676 949; baseline -0.007 -10"><span class='ocrx_word' id='word_1_85' title='bbox 142 911 235 939; x_wconf 88' lang='lat' dir='ltr'>esse</span> <span class='ocrx_word' id='word_1_86' title='bbox 265 899 343 938; x_wconf 88' lang='lat' dir='ltr'>hoc</span> <span class='ocrx_word' id='word_1_87' title='bbox 376 898 638 949; x_wconf 76' lang='lat' dir='ltr'>fragmentum</span> <span class='ocrx_word' id='word_1_88' title='bbox 676 899 712 933; x_wconf 87' lang='lat' dir='ltr'>et</span> <span class='ocrx_word' id='word_1_89' title='bbox 739 894 878 933; x_wconf 54' lang='lat' dir='ltr'>XLV-².</span> <span class='ocrx_word' id='word_1_90' title='bbox 913 894 1120 943; x_wconf 77' lang='lat' dir='ltr'>coniicias,</span> <span class='ocrx_word' id='word_1_91' title='bbox 1154 906 1272 933; x_wconf 90' lang='lat' dir='ltr'>unum</span> <span class='ocrx_word' id='word_1_92' title='bbox 1303 898 1464 941; x_wconf 78' lang='lat' dir='ltr'>tentem,</span> <span class='ocrx_word' id='word_1_93' title='bbox 1496 893 1560 943; x_wconf 82' lang='lat' dir='ltr'>qui</span> <span class='ocrx_word' id='word_1_94' title='bbox 1590 893 1676 943; x_wconf 84' lang='lat' dir='ltr'>pri-</span> 
     </span>
     <span class='ocr_line' id='line_1_12' title="bbox 143 962 1677 1018; baseline -0.006 -7"><span class='ocrx_word' id='word_1_95' title='bbox 143 984 229 1011; x_wconf 90' lang='lat' dir='ltr'>mus</span> <span class='ocrx_word' id='word_1_96' title='bbox 263 971 302 1009; x_wconf 91' lang='lat' dir='ltr'>in</span> <span class='ocrx_word' id='word_1_97' title='bbox 336 975 507 1008; x_wconf 88' lang='lat' dir='ltr'>mentem</span> <span class='ocrx_word' id='word_1_98' title='bbox 548 967 685 1016; x_wconf 73' lang='lat' dir='ltr'>venit,</span> <span class='ocrx_word' id='word_1_99' title='bbox 713 967 876 1004; x_wconf 71' lang='lat' dir='ltr'>ita:‘——</span> <span class='ocrx_word' id='word_1_100' title='bbox 907 962 979 1016; x_wconf 73' lang='grc' dir='ltr'>ἔχε</span> <span class='ocrx_word' id='word_1_101' title='bbox 1012 964 1092 1016; x_wconf 71' lang='grc' dir='ltr'>γάρ</span> <span class='ocrx_word' id='word_1_102' title='bbox 1124 967 1241 1016; x_wconf 76' lang='grc' dir='ltr'><em>τέγος</em></span> <span class='ocrx_word' id='word_1_103' title='bbox 1281 963 1525 1015; x_wconf 72' lang='grc' dir='ltr'><em>ἆκλήϊστον,</em></span> <span class='ocrx_word' id='word_1_104' title='bbox 1557 964 1677 1018; x_wconf 88' lang='lat' dir='ltr'>locu-</span> 
     </span>
     <span class='ocr_line' id='line_1_13' title="bbox 141 1035 1678 1096; baseline -0.007 -14"><span class='ocrx_word' id='word_1_105' title='bbox 141 1043 312 1096; x_wconf 88' lang='lat' dir='ltr'>pletibus</span> <span class='ocrx_word' id='word_1_106' title='bbox 351 1040 499 1092; x_wconf 80' lang='lat' dir='ltr'>pariter</span> <span class='ocrx_word' id='word_1_107' title='bbox 531 1043 647 1088; x_wconf 74' lang='lat' dir='ltr'>atque</span> <span class='ocrx_word' id='word_1_108' title='bbox 688 1036 972 1084; x_wconf 77' lang='lat' dir='ltr'>infortunatis,</span> <span class='ocrx_word' id='word_1_109' title='bbox 1011 1035 1150 1085; x_wconf 78' lang='lat' dir='ltr'>quales</span> <span class='ocrx_word' id='word_1_110' title='bbox 1190 1046 1268 1084; x_wconf 80' lang='lat' dir='ltr'>per</span> <span class='ocrx_word' id='word_1_111' title='bbox 1308 1046 1429 1085; x_wconf 71' lang='lat' dir='ltr'>ayros</span> <span class='ocrx_word' id='word_1_112' title='bbox 1473 1038 1678 1085; x_wconf 63' lang='lat' dir='ltr'>vagantur</span> 
     </span>
     <span class='ocr_line' id='line_1_14' title="bbox 144 1106 1679 1163; baseline -0.007 -9"><span class='ocrx_word' id='word_1_113' title='bbox 144 1126 325 1163; x_wconf 66' lang='lat' dir='ltr'>errones,</span> <span class='ocrx_word' id='word_1_114' title='bbox 356 1111 519 1159; x_wconf 71' lang='lat' dir='ltr'>miseri,</span> <span class='ocrx_word' id='word_1_115' title='bbox 551 1106 749 1163; x_wconf 68' lang='grc' dir='ltr'>γηφάγοι.</span> <span class='ocrx_word' id='word_1_116' title='bbox 809 1107 868 1146; x_wconf 86' lang='lat' dir='ltr'>Ex</span> <span class='ocrx_word' id='word_1_117' title='bbox 903 1106 1238 1158; x_wconf 80' lang='lat' dir='ltr'>descriptionibus</span> <span class='ocrx_word' id='word_1_118' title='bbox 1270 1106 1544 1146; x_wconf 88' lang='lat' dir='ltr'>mendicorum</span> <span class='ocrx_word' id='word_1_119' title='bbox 1575 1106 1679 1157; x_wconf 85' lang='lat' dir='ltr'>apud</span> 
     </span>
     <span class='ocr_line' id='line_1_15' title="bbox 142 1177 1678 1231; baseline -0.007 -4"><span class='ocrx_word' id='word_1_120' title='bbox 142 1186 422 1228; x_wconf 76' lang='lat' dir='ltr'>Manethonem</span> <span class='ocrx_word' id='word_1_121' title='bbox 453 1182 515 1222; x_wconf 87' lang='lat'>111.</span> <span class='ocrx_word' id='word_1_122' title='bbox 547 1180 640 1220; x_wconf 70' lang='lat'>249.</span> <span class='ocrx_word' id='word_1_123' title='bbox 677 1193 734 1231; x_wconf 85' lang='lat' dir='ltr'>sq.</span> <span class='ocrx_word' id='word_1_124' title='bbox 769 1180 813 1218; x_wconf 89' lang='lat' dir='ltr'>V.</span> <span class='ocrx_word' id='word_1_125' title='bbox 847 1179 937 1218; x_wconf 71' lang='lat'>199.</span> <span class='ocrx_word' id='word_1_126' title='bbox 969 1178 1030 1218; x_wconf 93' lang='lat' dir='ltr'>VI.</span> <span class='ocrx_word' id='word_1_127' title='bbox 1063 1178 1157 1218; x_wconf 77' lang='lat'>581.</span> <span class='ocrx_word' id='word_1_128' title='bbox 1186 1177 1280 1217; x_wconf 78' lang='lat'>656.</span> <span class='ocrx_word' id='word_1_129' title='bbox 1315 1178 1365 1217; x_wconf 92' lang='lat' dir='ltr'>ad</span> <span class='ocrx_word' id='word_1_130' title='bbox 1395 1177 1678 1218; x_wconf 82' lang='lat' dir='ltr'>Callimachum</span> 
     </span>
     <span class='ocr_line' id='line_1_16' title="bbox 144 1249 1677 1305; baseline -0.007 -6"><span class='ocrx_word' id='word_1_131' title='bbox 144 1260 408 1299; x_wconf 78' lang='lat' dir='ltr'>adhibeantur</span> <span class='ocrx_word' id='word_1_132' title='bbox 445 1255 570 1294; x_wconf 88' lang='lat' dir='ltr'>haec:</span> <span class='ocrx_word' id='word_1_133' title='bbox 611 1249 776 1304; x_wconf 75' lang='grc' dir='ltr'><em>πτωχοί</em></span> <span class='ocrx_word' id='word_1_134' title='bbox 808 1249 1065 1304; x_wconf 32' lang='grc' dir='ltr'>πανὸήλιιιοι,</span> <span class='ocrx_word' id='word_1_135' title='bbox 1106 1255 1146 1290; x_wconf 83' lang='lat' dir='ltr'>et</span> <span class='ocrx_word' id='word_1_136' title='bbox 1190 1249 1370 1305; x_wconf 71' lang='grc' dir='ltr'><em>ἀλῆται,</em></span> <span class='ocrx_word' id='word_1_137' title='bbox 1418 1250 1677 1290; x_wconf 77' lang='lat' dir='ltr'>HomerIcum</span> 
     </span>
     <span class='ocr_line' id='line_1_17' title="bbox 142 1337 1222 1382; baseline -0.005 -11"><span class='ocrx_word' id='word_1_138' title='bbox 142 1337 365 1382; x_wconf 86' lang='lat' dir='ltr'>utrumque.</span> <span class='ocrx_word' id='word_1_139' title='bbox 1217 1363 1222 1366; x_wconf 24' lang='lat'><em>⁴</em></span> 
     </span>
     <span class='ocr_line' id='line_1_18' title="bbox 257 1396 1678 1447; baseline -0.004 -6"><span class='ocrx_word' id='word_1_140' title='bbox 257 1400 444 1442; x_wconf 85' lang='lat' dir='ltr'>Occurrit</span> <span class='ocrx_word' id='word_1_141' title='bbox 473 1397 623 1438; x_wconf 84' lang='lat' dir='ltr'>Hecale</span> <span class='ocrx_word' id='word_1_142' title='bbox 652 1396 826 1436; x_wconf 88' lang='lat' dir='ltr'>Theseo.</span> <span class='ocrx_word' id='word_1_143' title='bbox 885 1396 1021 1435; x_wconf 84' lang='lat' dir='ltr'>Utrum</span> <span class='ocrx_word' id='word_1_144' title='bbox 1053 1396 1302 1447; x_wconf 82' lang='lat' dir='ltr'>exspectanti</span> <span class='ocrx_word' id='word_1_145' title='bbox 1344 1399 1383 1435; x_wconf 87' lang='lat' dir='ltr'>et</span> <span class='ocrx_word' id='word_1_146' title='bbox 1423 1396 1558 1435; x_wconf 89' lang='lat' dir='ltr'>visere</span> <span class='ocrx_word' id='word_1_147' title='bbox 1592 1396 1678 1436; x_wconf 89' lang='lat' dir='ltr'>He-</span> 
     </span>
     <span class='ocr_line' id='line_1_19' title="bbox 147 1467 1677 1526; baseline -0.005 -11"><span class='ocrx_word' id='word_1_148' title='bbox 147 1475 259 1515; x_wconf 83' lang='lat' dir='ltr'>calen</span> <span class='ocrx_word' id='word_1_149' title='bbox 292 1473 460 1526; x_wconf 74' lang='lat' dir='ltr'>paranti,</span> <span class='ocrx_word' id='word_1_150' title='bbox 488 1471 536 1510; x_wconf 87' lang='lat' dir='ltr'>de</span> <span class='ocrx_word' id='word_1_151' title='bbox 571 1483 646 1522; x_wconf 81' lang='lat' dir='ltr'>qua</span> <span class='ocrx_word' id='word_1_152' title='bbox 676 1470 848 1509; x_wconf 86' lang='lat' dir='ltr'>fortasse</span> <span class='ocrx_word' id='word_1_153' title='bbox 879 1468 1025 1521; x_wconf 90' lang='lat' dir='ltr'>aliquid</span> <span class='ocrx_word' id='word_1_154' title='bbox 1058 1468 1278 1518; x_wconf 81' lang='lat' dir='ltr'>audiverat,</span> <span class='ocrx_word' id='word_1_155' title='bbox 1310 1479 1359 1506; x_wconf 84' lang='lat' dir='ltr'>an</span> <span class='ocrx_word' id='word_1_156' title='bbox 1381 1467 1484 1507; x_wconf 86' lang='lat' dir='ltr'>forte</span> <span class='ocrx_word' id='word_1_157' title='bbox 1504 1468 1677 1521; x_wconf 85' lang='lat' dir='ltr'>fortuna,</span> 
     </span>
     <span class='ocr_line' id='line_1_20' title="bbox 144 1540 1676 1598; baseline -0.005 -12"><span class='ocrx_word' id='word_1_158' title='bbox 144 1547 207 1587; x_wconf 83' lang='lat' dir='ltr'>vel</span> <span class='ocrx_word' id='word_1_159' title='bbox 237 1545 343 1598; x_wconf 87' lang='lat' dir='ltr'>quod</span> <span class='ocrx_word' id='word_1_160' title='bbox 381 1545 465 1595; x_wconf 85' lang='lat' dir='ltr'>ipsa</span> <span class='ocrx_word' id='word_1_161' title='bbox 496 1542 695 1581; x_wconf 82' lang='lat' dir='ltr'>accedere</span> <span class='ocrx_word' id='word_1_162' title='bbox 723 1540 917 1580; x_wconf 86' lang='lat' dir='ltr'>Theseum</span> <span class='ocrx_word' id='word_1_163' title='bbox 948 1541 1223 1591; x_wconf 83' lang='lat' dir='ltr'>comperisset,</span> <span class='ocrx_word' id='word_1_164' title='bbox 1251 1551 1324 1591; x_wconf 88' lang='lat' dir='ltr'>pro</span> <span class='ocrx_word' id='word_1_165' title='bbox 1349 1545 1462 1579; x_wconf 89' lang='lat' dir='ltr'>certo</span> <span class='ocrx_word' id='word_1_166' title='bbox 1494 1540 1572 1579; x_wconf 89' lang='lat' dir='ltr'>dici</span> <span class='ocrx_word' id='word_1_167' title='bbox 1599 1553 1676 1579; x_wconf 83' lang='lat' dir='ltr'>ne-</span> 
     </span>
     <span class='ocr_line' id='line_1_21' title="bbox 145 1611 1676 1674; baseline -0.005 -14"><span class='ocrx_word' id='word_1_168' title='bbox 145 1623 238 1674; x_wconf 87' lang='lat' dir='ltr'>quit.</span> <span class='ocrx_word' id='word_1_169' title='bbox 312 1616 390 1657; x_wconf 90' lang='lat' dir='ltr'>Sed</span> <span class='ocrx_word' id='word_1_170' title='bbox 437 1614 594 1654; x_wconf 81' lang='lat' dir='ltr'>obviam</span> <span class='ocrx_word' id='word_1_171' title='bbox 629 1625 673 1653; x_wconf 86' lang='lat' dir='ltr'>se</span> <span class='ocrx_word' id='word_1_172' title='bbox 712 1612 869 1651; x_wconf 88' lang='lat' dir='ltr'>Theseo</span> <span class='ocrx_word' id='word_1_173' title='bbox 913 1611 1105 1651; x_wconf 83' lang='lat' dir='ltr'>obtulisse</span> <span class='ocrx_word' id='word_1_174' title='bbox 1137 1611 1337 1662; x_wconf 78' lang='lat' dir='ltr'>Hecalen,</span> <span class='ocrx_word' id='word_1_175' title='bbox 1380 1611 1457 1651; x_wconf 89' lang='lat' dir='ltr'>duo</span> <span class='ocrx_word' id='word_1_176' title='bbox 1500 1612 1676 1665; x_wconf 85' lang='lat' dir='ltr'>insignia</span> 
     </span>
     <span class='ocr_line' id='line_1_22' title="bbox 145 1682 1675 1743; baseline -0.006 -12"><span class='ocrx_word' id='word_1_177' title='bbox 145 1692 383 1743; x_wconf 85' lang='lat' dir='ltr'>Fragmenta</span> <span class='ocrx_word' id='word_1_178' title='bbox 415 1686 584 1727; x_wconf 83' lang='lat' dir='ltr'>CXXIV.</span> <span class='ocrx_word' id='word_1_179' title='bbox 625 1690 663 1725; x_wconf 84' lang='lat' dir='ltr'>et</span> <span class='ocrx_word' id='word_1_180' title='bbox 704 1686 875 1724; x_wconf 86' lang='lat' dir='ltr'>maxime</span> <span class='ocrx_word' id='word_1_181' title='bbox 919 1684 1073 1724; x_wconf 84' lang='lat' dir='ltr'>CXXV.</span> <span class='ocrx_word' id='word_1_182' title='bbox 1117 1684 1305 1736; x_wconf 85' lang='lat' dir='ltr'>produnt.</span> <span class='ocrx_word' id='word_1_183' title='bbox 1366 1684 1540 1731; x_wconf 83' lang='lat' dir='ltr'>Quorum</span> <span class='ocrx_word' id='word_1_184' title='bbox 1579 1682 1675 1723; x_wconf 88' lang='lat' dir='ltr'>illud</span> 
     </span>
     <span class='ocr_line' id='line_1_23' title="bbox 145 1755 1675 1812; baseline -0.005 -10"><span class='ocrx_word' id='word_1_185' title='bbox 145 1766 334 1803; x_wconf 85' lang='lat' dir='ltr'>accurate</span> <span class='ocrx_word' id='word_1_186' title='bbox 366 1759 612 1812; x_wconf 84' lang='lat' dir='ltr'>pertractavi</span> <span class='ocrx_word' id='word_1_187' title='bbox 642 1758 681 1797; x_wconf 90' lang='lat' dir='ltr'>in</span> <span class='ocrx_word' id='word_1_188' title='bbox 714 1758 1007 1798; x_wconf 84' lang='lat' dir='ltr'>Dissertatione</span> <span class='ocrx_word' id='word_1_189' title='bbox 1042 1757 1194 1806; x_wconf 80' lang='lat' dir='ltr'>critica,</span> <span class='ocrx_word' id='word_1_190' title='bbox 1228 1755 1371 1796; x_wconf 86' lang='lat' dir='ltr'>Annal.</span> <span class='ocrx_word' id='word_1_191' title='bbox 1403 1755 1532 1795; x_wconf 87' lang='lat' dir='ltr'>Acad.</span> <span class='ocrx_word' id='word_1_192' title='bbox 1564 1755 1675 1795; x_wconf 87' lang='lat' dir='ltr'>Rhe-</span> 
     </span>
     <span class='ocr_line' id='line_1_24' title="bbox 145 1829 1673 1886; baseline -0.005 -12"><span class='ocrx_word' id='word_1_193' title='bbox 145 1846 277 1875; x_wconf 87' lang='lat' dir='ltr'>nanae</span> <span class='ocrx_word' id='word_1_194' title='bbox 306 1846 346 1886; x_wconf 84' lang='lat' dir='ltr'>p.</span> <span class='ocrx_word' id='word_1_195' title='bbox 378 1833 459 1871; x_wconf 60' lang='grc'>405</span> <span class='ocrx_word' id='word_1_196' title='bbox 503 1843 588 1882; x_wconf 82' lang='lat' dir='ltr'>sqq.</span> <span class='ocrx_word' id='word_1_197' title='bbox 624 1830 731 1870; x_wconf 90' lang='lat' dir='ltr'>unde</span> <span class='ocrx_word' id='word_1_198' title='bbox 764 1841 968 1882; x_wconf 82' lang='lat' dir='ltr'>apponere</span> <span class='ocrx_word' id='word_1_199' title='bbox 1000 1833 1111 1868; x_wconf 88' lang='lat' dir='ltr'>recte</span> <span class='ocrx_word' id='word_1_200' title='bbox 1143 1829 1331 1880; x_wconf 84' lang='lat' dir='ltr'>scriptum</span> <span class='ocrx_word' id='word_1_201' title='bbox 1364 1832 1482 1880; x_wconf 90' lang='lat' dir='ltr'>atque</span> <span class='ocrx_word' id='word_1_202' title='bbox 1515 1832 1673 1867; x_wconf 83' lang='lat' dir='ltr'>auctum</span> 
     </span>
     <span class='ocr_line' id='line_1_25' title="bbox 147 1898 1737 1956; baseline -0.004 -10"><span class='ocrx_word' id='word_1_203' title='bbox 147 1920 197 1946; x_wconf 81' lang='lat' dir='ltr'>ex</span> <span class='ocrx_word' id='word_1_204' title='bbox 227 1905 364 1956; x_wconf 84' lang='lat' dir='ltr'>Toupii</span> <span class='ocrx_word' id='word_1_205' title='bbox 403 1902 619 1952; x_wconf 83' lang='lat' dir='ltr'>(Emendd.</span> <span class='ocrx_word' id='word_1_206' title='bbox 654 1903 692 1941; x_wconf 91' lang='lat' dir='ltr'>in</span> <span class='ocrx_word' id='word_1_207' title='bbox 736 1901 844 1942; x_wconf 88' lang='lat' dir='ltr'>Suid.</span> <span class='ocrx_word' id='word_1_208' title='bbox 885 1901 923 1940; x_wconf 93' lang='lat' dir='ltr'>P.</span> <span class='ocrx_word' id='word_1_209' title='bbox 959 1900 1021 1939; x_wconf 88' lang='grc' dir='ltr'><strong>ΙΙΙ.</strong></span> <span class='ocrx_word' id='word_1_210' title='bbox 1051 1912 1088 1951; x_wconf 89' lang='lat' dir='ltr'>p.</span> <span class='ocrx_word' id='word_1_211' title='bbox 1118 1900 1184 1939; x_wconf 85' lang='lat'>77.</span> <span class='ocrx_word' id='word_1_212' title='bbox 1219 1898 1305 1939; x_wconf 90' lang='lat' dir='ltr'>Vol.</span> <span class='ocrx_word' id='word_1_213' title='bbox 1334 1898 1380 1938; x_wconf 83' lang='lat'>11.</span> <span class='ocrx_word' id='word_1_214' title='bbox 1414 1898 1477 1939; x_wconf 89' lang='lat' dir='ltr'>vel</span> <span class='ocrx_word' id='word_1_215' title='bbox 1505 1911 1542 1950; x_wconf 88' lang='lat' dir='ltr'>p.</span> <span class='ocrx_word' id='word_1_216' title='bbox 1575 1898 1671 1939; x_wconf 80' lang='lat'>359.</span> <span class='ocrx_word' id='word_1_217' title='bbox 1729 1923 1737 1929; x_wconf 63' lang='lat'><strong>»</strong></span> 
     </span>
     <span class='ocr_line' id='line_1_26' title="bbox 142 1972 1321 2029; baseline -0.008 -10"><span class='ocrx_word' id='word_1_218' title='bbox 142 1979 251 2018; x_wconf 80' lang='lat' dir='ltr'>Toni.</span> <span class='ocrx_word' id='word_1_219' title='bbox 283 1981 310 2018; x_wconf 85' lang='lat' dir='ltr'>t.</span> <span class='ocrx_word' id='word_1_220' title='bbox 337 1978 464 2029; x_wconf 77' lang='lat' dir='ltr'>Lips.)</span> <span class='ocrx_word' id='word_1_221' title='bbox 497 1987 665 2027; x_wconf 86' lang='lat' dir='ltr'>meaque</span> <span class='ocrx_word' id='word_1_222' title='bbox 699 1974 1006 2024; x_wconf 77' lang='lat' dir='ltr'>emendatione,</span> <span class='ocrx_word' id='word_1_223' title='bbox 1039 1973 1135 2012; x_wconf 87' lang='lat' dir='ltr'>satis</span> <span class='ocrx_word' id='word_1_224' title='bbox 1164 1972 1321 2011; x_wconf 80' lang='lat' dir='ltr'>habeo:</span> 
     </span>
     <span class='ocr_line' id='line_1_27' title="bbox 407 2043 1277 2102; baseline -0.008 -14"><span class='ocrx_word' id='word_1_225' title='bbox 407 2049 523 2102; x_wconf 63' lang='lat' dir='ltr'>dsuqvi</span> <span class='ocrx_word' id='word_1_226' title='bbox 554 2048 599 2086; x_wconf 78' lang='grc' dir='ltr'>ὑὲ</span> <span class='ocrx_word' id='word_1_227' title='bbox 629 2045 665 2086; x_wconf 81' lang='grc' dir='ltr'>οὶ</span> <span class='ocrx_word' id='word_1_228' title='bbox 697 2048 862 2100; x_wconf 72' lang='grc' dir='ltr'><em>κεφαλῇ</em></span> <span class='ocrx_word' id='word_1_229' title='bbox 894 2047 983 2085; x_wconf 77' lang='grc' dir='ltr'>νέον</span> <span class='ocrx_word' id='word_1_230' title='bbox 1015 2043 1277 2097; x_wconf 52' lang='lat' dir='ltr'>Aiiaom&#39;qeev</span> 
     </span>
    </p>

    <p class='ocr_par' dir='ltr' id='par_1_3' title="bbox 303 2112 1353 2172">
     <span class='ocr_line' id='line_1_28' title="bbox 303 2112 1353 2172; baseline -0.007 -12"><span class='ocrx_word' id='word_1_231' title='bbox 303 2119 554 2172; x_wconf 71' lang='grc' dir='ltr'><em>μεμβλωκὸς</em></span> <span class='ocrx_word' id='word_1_232' title='bbox 586 2119 746 2172; x_wconf 73' lang='grc' dir='ltr'><strong><em>πίλημα</em></strong></span> <span class='ocrx_word' id='word_1_233' title='bbox 780 2117 1028 2171; x_wconf 76' lang='grc' dir='ltr'><em>περίτροχον</em></span> <span class='ocrx_word' id='word_1_234' title='bbox 1059 2112 1191 2169; x_wconf 74' lang='grc' dir='ltr'><em>ἄλκαρ</em></span> <span class='ocrx_word' id='word_1_235' title='bbox 1226 2112 1353 2154; x_wconf 43' lang='lat' dir='ltr'>exerto</span> 
     </span>
    </p>

    <p class='ocr_par' dir='ltr' id='par_1_4' title="bbox 138 2189 815 2317">
     <span class='ocr_line' id='line_1_29' title="bbox 304 2189 607 2240; baseline -0.02 -7"><span class='ocrx_word' id='word_1_236' title='bbox 304 2189 413 2240; x_wconf 68' lang='grc' dir='ltr'><em>ἷδεος</em></span> <span class='ocrx_word' id='word_1_237' title='bbox 442 2190 607 2231; x_wconf 55' lang='lat' dir='ltr'>ewellino.</span> 
     </span>
     <span class='ocr_line' id='line_1_30' title="bbox 138 2258 815 2317; baseline -0.012 -12"><span class='ocrx_word' id='word_1_238' title='bbox 138 2265 295 2317; x_wconf 86' lang='lat' dir='ltr'>Fragm.</span> <span class='ocrx_word' id='word_1_239' title='bbox 329 2261 483 2302; x_wconf 85' lang='lat' dir='ltr'>CXXV.</span> <span class='ocrx_word' id='word_1_240' title='bbox 515 2261 569 2300; x_wconf 85' lang='lat' dir='ltr'>ita</span> <span class='ocrx_word' id='word_1_241' title='bbox 600 2271 645 2300; x_wconf 90' lang='lat' dir='ltr'>se</span> <span class='ocrx_word' id='word_1_242' title='bbox 676 2258 815 2298; x_wconf 88' lang='lat' dir='ltr'>habet:</span> 
     </span>
    </p>

    <p class='ocr_par' dir='ltr' id='par_1_5' title="bbox 303 2326 1427 2384">
     <span class='ocr_line' id='line_1_31' title="bbox 303 2326 1427 2384; baseline -0.005 -12"><span class='ocrx_word' id='word_1_243' title='bbox 303 2331 458 2384; x_wconf 76' lang='grc' dir='ltr'><em>ἔπρεπέ</em></span> <span class='ocrx_word' id='word_1_244' title='bbox 486 2346 551 2370; x_wconf 87' lang='grc' dir='ltr'>τοι</span> <span class='ocrx_word' id='word_1_245' title='bbox 583 2331 825 2382; x_wconf 75' lang='grc' dir='ltr'><strong><em>προέχουσα</em></strong></span> <span class='ocrx_word' id='word_1_246' title='bbox 856 2326 987 2382; x_wconf 70' lang='grc' dir='ltr'><em>κόρης</em></span> <span class='ocrx_word' id='word_1_247' title='bbox 1014 2330 1157 2381; x_wconf 54' lang='lat' dir='ltr'>edessa</span> <span class='ocrx_word' id='word_1_248' title='bbox 1191 2327 1427 2382; x_wconf 68' lang='grc' dir='ltr'><em>καλύπτρη,</em></span> 
     </span>
    </p>

    <p class='ocr_par' dir='ltr' id='par_1_6' title="bbox 134 2396 1662 2739">
     <span class='ocr_line' id='line_1_32' title="bbox 303 2396 1505 2453; baseline -0.002 -10"><span class='ocrx_word' id='word_1_249' title='bbox 303 2400 545 2451; x_wconf 72' lang='grc' dir='ltr'><em>ποιμενικὸν</em></span> <span class='ocrx_word' id='word_1_250' title='bbox 576 2402 758 2453; x_wconf 72' lang='grc' dir='ltr'>πίλημα,</span> <span class='ocrx_word' id='word_1_251' title='bbox 789 2400 862 2438; x_wconf 80' lang='grc' dir='ltr'>καί</span> <span class='ocrx_word' id='word_1_252' title='bbox 893 2400 937 2439; x_wconf 76' lang='grc' dir='ltr'>ἐν</span> <span class='ocrx_word' id='word_1_253' title='bbox 963 2400 1063 2451; x_wconf 72' lang='grc' dir='ltr'>χερί</span> <span class='ocrx_word' id='word_1_254' title='bbox 1089 2405 1214 2452; x_wconf 69' lang='grc' dir='ltr'><em>χαῖον</em></span> <span class='ocrx_word' id='word_1_255' title='bbox 1246 2396 1403 2451; x_wconf 78' lang='grc' dir='ltr'><strong><em>ἔχουσα</em></strong></span> <span class='ocrx_word' id='word_1_256' title='bbox 1438 2424 1505 2440; x_wconf 86' lang='grc'>-.</span> 
     </span>
     <span class='ocr_line' id='line_1_33' title="bbox 135 2471 1661 2523; baseline -0.005 -5"><span class='ocrx_word' id='word_1_257' title='bbox 135 2479 196 2518; x_wconf 80' lang='lat' dir='ltr'>Ex</span> <span class='ocrx_word' id='word_1_258' title='bbox 234 2476 383 2515; x_wconf 87' lang='lat' dir='ltr'>Hecale</span> <span class='ocrx_word' id='word_1_259' title='bbox 421 2477 631 2523; x_wconf 83' lang='lat' dir='ltr'>utrumque</span> <span class='ocrx_word' id='word_1_260' title='bbox 675 2483 766 2511; x_wconf 90' lang='lat' dir='ltr'>esse</span> <span class='ocrx_word' id='word_1_261' title='bbox 800 2471 1091 2510; x_wconf 79' lang='lat' dir='ltr'>Valckenarius</span> <span class='ocrx_word' id='word_1_262' title='bbox 1132 2471 1366 2510; x_wconf 88' lang='lat' dir='ltr'>coniecerat</span> <span class='ocrx_word' id='word_1_263' title='bbox 1412 2473 1450 2510; x_wconf 91' lang='lat' dir='ltr'>in</span> <span class='ocrx_word' id='word_1_264' title='bbox 1492 2471 1661 2510; x_wconf 86' lang='lat' dir='ltr'>Theocr.</span> 
     </span>
     <span class='ocr_line' id='line_1_34' title="bbox 135 2541 1662 2598; baseline -0.006 -11"><span class='ocrx_word' id='word_1_265' title='bbox 135 2549 334 2587; x_wconf 84' lang='lat' dir='ltr'>Adoniaz.</span> <span class='ocrx_word' id='word_1_266' title='bbox 368 2558 404 2598; x_wconf 86' lang='lat' dir='ltr'>p.</span> <span class='ocrx_word' id='word_1_267' title='bbox 439 2543 534 2584; x_wconf 77' lang='lat'>344.</span> <span class='ocrx_word' id='word_1_268' title='bbox 563 2543 606 2583; x_wconf 90' lang='lat' dir='ltr'>B.</span> <span class='ocrx_word' id='word_1_269' title='bbox 639 2543 679 2582; x_wconf 89' lang='lat' dir='ltr'>C.</span> <span class='ocrx_word' id='word_1_270' title='bbox 740 2543 1018 2594; x_wconf 82' lang='lat' dir='ltr'>Fragmentum</span> <span class='ocrx_word' id='word_1_271' title='bbox 1041 2541 1194 2581; x_wconf 87' lang='lat' dir='ltr'>CXXV.</span> <span class='ocrx_word' id='word_1_272' title='bbox 1226 2543 1461 2582; x_wconf 85' lang='lat' dir='ltr'>continuare</span> <span class='ocrx_word' id='word_1_273' title='bbox 1493 2542 1662 2589; x_wconf 88' lang='lat' dir='ltr'>videtur,</span> 
     </span>
     <span class='ocr_line' id='line_1_35' title="bbox 135 2614 1659 2670; baseline -0.005 -12"><span class='ocrx_word' id='word_1_274' title='bbox 135 2631 237 2670; x_wconf 87' lang='lat' dir='ltr'>quae</span> <span class='ocrx_word' id='word_1_275' title='bbox 268 2624 328 2657; x_wconf 87' lang='lat' dir='ltr'>est</span> <span class='ocrx_word' id='word_1_276' title='bbox 368 2616 587 2670; x_wconf 88' lang='lat' dir='ltr'>probabilis</span> <span class='ocrx_word' id='word_1_277' title='bbox 618 2614 764 2654; x_wconf 86' lang='lat' dir='ltr'>Eldikii</span> <span class='ocrx_word' id='word_1_278' title='bbox 793 2616 1071 2668; x_wconf 90' lang='lat' dir='ltr'>Suspicionum</span> <span class='ocrx_word' id='word_1_279' title='bbox 1104 2616 1222 2666; x_wconf 87' lang='lat' dir='ltr'>Spec.</span> <span class='ocrx_word' id='word_1_280' title='bbox 1262 2627 1348 2667; x_wconf 82' lang='lat' dir='ltr'>cap,</span> <span class='ocrx_word' id='word_1_281' title='bbox 1381 2615 1442 2655; x_wconf 86' lang='lat' dir='ltr'>lv.</span> <span class='ocrx_word' id='word_1_282' title='bbox 1486 2616 1659 2665; x_wconf 88' lang='lat' dir='ltr'>itemque</span> 
     </span>
     <span class='ocr_line' id='line_1_36' title="bbox 134 2684 1657 2739; baseline -0.007 -7"><span class='ocrx_word' id='word_1_283' title='bbox 134 2690 389 2732; x_wconf 86' lang='lat' dir='ltr'>Boissonadii</span> <span class='ocrx_word' id='word_1_284' title='bbox 410 2691 449 2728; x_wconf 91' lang='lat' dir='ltr'>in</span> <span class='ocrx_word' id='word_1_285' title='bbox 469 2687 711 2727; x_wconf 87' lang='lat' dir='ltr'>Callimacho</span> <span class='ocrx_word' id='word_1_286' title='bbox 734 2699 771 2739; x_wconf 91' lang='lat' dir='ltr'>p.</span> <span class='ocrx_word' id='word_1_287' title='bbox 787 2687 880 2729; x_wconf 74' lang='lat'>203».</span> <span class='ocrx_word' id='word_1_288' title='bbox 906 2688 1152 2737; x_wconf 84' lang='lat' dir='ltr'>coniectura,</span> <span class='ocrx_word' id='word_1_289' title='bbox 1172 2687 1325 2739; x_wconf 85' lang='lat' dir='ltr'>Fragm.</span> <span class='ocrx_word' id='word_1_290' title='bbox 1351 2684 1554 2725; x_wconf 85' lang='lat' dir='ltr'>CLXXXI.</span> <span class='ocrx_word' id='word_1_291' title='bbox 1576 2684 1657 2722; x_wconf 85' lang='lat' dir='ltr'>sic:</span> 
     </span>
    </p>

    <p class='ocr_par' dir='ltr' id='par_1_7' title="bbox 300 2751 1426 2813">
     <span class='ocr_line' id='line_1_37' title="bbox 300 2751 1426 2813; baseline -0.005 -13"><span class='ocrx_word' id='word_1_292' title='bbox 300 2760 451 2813; x_wconf 73' lang='grc' dir='ltr'><em>ἔπρεπέ</em></span> <span class='ocrx_word' id='word_1_293' title='bbox 482 2774 543 2798; x_wconf 83' lang='grc' dir='ltr'>τοι</span> <span class='ocrx_word' id='word_1_294' title='bbox 580 2762 822 2809; x_wconf 68' lang='grc' dir='ltr'><em>προέχουσα</em></span> <span class='ocrx_word' id='word_1_295' title='bbox 856 2755 985 2811; x_wconf 75' lang='grc' dir='ltr'><strong><em>κάρης</em></strong></span> <span class='ocrx_word' id='word_1_296' title='bbox 1015 2758 1157 2809; x_wconf 71' lang='grc' dir='ltr'><em>εὐρεῖα</em></span> <span class='ocrx_word' id='word_1_297' title='bbox 1191 2751 1426 2808; x_wconf 61' lang='grc' dir='ltr'>καλύπτρῇ,</span> 
     </span>
    </p>
   </div>
   <div class='ocr_carea' id='block_1_3' title="bbox 299 2824 1433 2881">
    <p class='ocr_par' dir='ltr' id='par_1_8' title="bbox 299 2824 1433 2881">
     <span class='ocr_line' id='line_1_38' title="bbox 299 2824 1433 2881; baseline -0.004 -10"><span class='ocrx_word' id='word_1_298' title='bbox 299 2828 538 2881; x_wconf 74' lang='grc' dir='ltr'>ποιμενικὸν</span> <span class='ocrx_word' id='word_1_299' title='bbox 569 2831 727 2881; x_wconf 66' lang='grc' dir='ltr'><em>πίλημα</em></span> <span class='ocrx_word' id='word_1_300' title='bbox 749 2844 759 2855; x_wconf 92' lang='grc'><em>·</em></span> <span class='ocrx_word' id='word_1_301' title='bbox 795 2828 868 2866; x_wconf 77' lang='grc' dir='ltr'>καί</span> <span class='ocrx_word' id='word_1_302' title='bbox 895 2829 938 2867; x_wconf 76' lang='grc' dir='ltr'>ἐν</span> <span class='ocrx_word' id='word_1_303' title='bbox 966 2827 1064 2880; x_wconf 72' lang='grc' dir='ltr'>χερὶ</span> <span class='ocrx_word' id='word_1_304' title='bbox 1092 2832 1217 2879; x_wconf 72' lang='grc' dir='ltr'><em>χαῖον</em></span> <span class='ocrx_word' id='word_1_305' title='bbox 1249 2824 1433 2878; x_wconf 75' lang='grc' dir='ltr'><em>ἔχουσα,</em></span> 
     </span>
    </p>
   </div>
  </div>
 </body>
</html>
