1856 3126
760 126 1030 163 —83—

138 243 202 294 qui
235 241 423 293 sequitur,
452 244 602 291 posset,
632 242 670 279 in
701 241 737 280 h.
764 242 976 293 Ap011.43.
1005 241 1221 282 ὀϊστευτύν
1242 240 1375 292 insert,
1405 245 1442 280 et
1464 242 1498 280 tn
1520 240 1650 294 Eptgr.

136 314 303 355 XLVIII.
332 310 516 362 (XLIX.)
549 312 582 354 7,
615 323 723 351 suam
753 313 1007 364 Piersoniquc
1032 313 1188 364 (Epistt.
1214 313 1338 351 Tium.
1364 324 1398 364 p.
1426 311 1513 361 34.)
1547 324 1651 352 con-

135 388 355 434 iecturam,
395 381 623 431 κιίκεστιῖς,
653 386 730 422 tum
762 382 835 422 alia
870 383 918 421 de
952 394 1120 433 caussa,
1152 387 1228 422 tum
1261 389 1421 436 propter
1456 387 1528 424 καί
1555 385 1653 424 sede

134 468 214 496 non
242 467 312 496 sua
332 455 514 507 positum,
544 459 794 506 suspecta1n3
824 453 1103 504 Blomlieldius,
1137 454 1224 493 duni
1250 456 1531 495 observatione
1554 468 1652 496 sane

135 540 250 580 quam
277 525 547 576 memorabili,
578 525 882 565 Eratosthenem
913 537 1069 578 quoque
1099 526 1277 577 gaudere
1310 532 1403 575 ταῖς
1433 528 1653 576 τοιαύταις

133 602 359 653 ἐκφοραῖς,
393 610 443 638 eo
473 598 666 648 abutitur,
708 602 748 637 ut
785 609 865 637 non
904 602 980 636 tam
1016 597 1192 636 lonioam
1233 610 1348 650 quam
1391 598 1650 652 Cyrenaicam

133 670 301 709 formam
331 669 455 708 fuisse
498 669 631 721 dicat,
663 671 806 722 quippe
835 681 1081 710 communem
1115 669 1368 709 Eratostheni
1411 684 1497 711 cum
1530 670 1652 711 Calli-

132 741 289 790 macho,
321 746 361 781 et
393 741 483 781 dum
512 741 695 782 Adctend.
715 754 752 794 p.
774 741 868 784 399.
901 740 1109 795 α’βολητύς
1138 741 1375 782 vocabulum
1404 742 1648 794 eripiendum

132 812 392 864 Antimacho,
425 819 467 853 ut
496 813 610 853 detur
641 813 911 861 Callimacho,
943 814 1116 854 coniicit.
1175 813 1296 861 Quasi
1325 825 1422 854 vero
1454 814 1544 854 talia
1575 815 1650 854 soli

133 897 181 926 ac
229 887 393 938 primum
441 891 585 938 poetae
629 885 791 925 scholae
831 885 1127 926 Alexandrinae
1170 887 1450 938 quaesiverint.
1525 887 1650 926 Potuit

130 958 406 1018 Antimachus,
436 961 523 998 sive
553 959 714 998 Homeri
746 960 985 1010 imitatione,
1027 960 1130 1013 apud
1170 972 1285 1012 quem
1323 959 1503 1012 exempla
1539 960 1651 999 eius-

131 1031 238 1071 modi
267 1033 364 1072 satis
393 1030 509 1071 multa
531 1036 689 1071 exstare
722 1031 922 1072 fatendum
943 1036 1015 1082 est,
1044 1028 1209 1085 βοητύς,
1235 1030 1418 1086 βρωτύς,
1447 1029 1650 1083 γραπτῦς,

132 1101 302 1157 ἐδητύς,
335 1100 528 1157 ἑλεητύς,
566 1099 834 1156 κιθαριστύς,
867 1103 1028 1153 κλιτῦς,
1064 1099 1275 1155 μνηστύς,
1313 1101 1531 1159 ὀαριστύς,
1574 1102 1651 1155 ὀρ-

130 1172 312 1228 χηστύς,
343 1172 563 1226 ὀτρυιιτύς,
595 1172 857 1227 ῥυστακτύς,
888 1176 972 1215 slve
1005 1186 1078 1215 suo
1109 1173 1293 1226 quodam,
1321 1178 1364 1213 ut
1390 1178 1528 1225 postea
1550 1175 1650 1214 Ale-

131 1246 340 1298 xandrini,
372 1248 551 1298 formae,
580 1258 683 1299 quae
718 1249 910 1299 exquisita
943 1248 1178 1297 videbatur,
1209 1257 1346 1286 amore
1392 1246 1554 1295 ductus,
1586 1252 1650 1287 aut

132 1319 268 1358 facere
298 1324 364 1358 aut
396 1319 553 1359 aliunde
585 1331 788 1359 assumere
821 1316 1024 1372 α’βολητύς
1054 1318 1303 1358 vocabulum.
1362 1323 1402 1357 ut
1430 1318 1532 1357 idem
1563 1334 1650 1357 πω-

132 1388 287 1443 ρητιὲν,
321 1390 477 1444 Fragm.
509 1391 638 1431 LVIII.
671 1390 896 1432 Schellenb.
957 1390 1094 1438 Quid?
1132 1390 1237 1443 quod
1271 1389 1470 1442 ὄτρυντῦς
1508 1390 1651 1430 dicitur

131 1466 237 1513 λέξις
266 1475 357 1503 esse
387 1463 700 1515 'Arrzpaedyfeoffi
743 1463 821 1504 hoc
854 1469 942 1515 est,
974 1468 1015 1503 ut
1046 1464 1309 1515 interpretor,
1337 1474 1418 1502 vox
1461 1467 1527 1502 aut
1568 1463 1651 1514 ipsa

131 1540 316 1588 usurpata
349 1536 398 1576 ab
426 1535 679 1588 Antimacho,
710 1541 775 1576 aut
806 1537 967 1576 aliarum
991 1535 1133 1576 eodem
1155 1535 1275 1575 modo
1300 1534 1649 1586 consor-matarum,

133 1609 273 1661 quibus
315 1609 379 1648 ille
408 1609 447 1649 in
492 1610 574 1649 suis
612 1610 852 1650 carminibus
884 1611 1096 1660 utebatur,
1140 1622 1213 1648 usu
1260 1608 1489 1648 confirmata
1534 1613 1651 1660 atque

133 1681 401 1734 comprobata.
461 1682 645 1734 Respicio
679 1683 836 1722 doctum
868 1681 1050 1722 scholion
1080 1683 1117 1721 in
1149 1680 1259 1721 Iliad.
1289 1680 1394 1725 th,
1426 1677 1518 1720 234.
1562 1678 1648 1720 ἔστι

132 1754 178 1793 δὲ
209 1751 231 1806 ἦ
266 1755 373 1802 λέξις
398 1749 643 1807 Ἀττική·
695 1752 837 1808 χαίρει
882 1756 925 1795 δὲ
963 1754 1036 1795 καί
1062 1753 1358 1807 Ἐρατοσθένης
1386 1758 1473 1799 ταῖς
1505 1750 1651 1792 τοιαύ-

130 1838 222 1871 ταις
249 1824 469 1878 ἐκφοραῖς,
501 1821 556 1871 aig
585 1822 630 1864 τὸ
667 1824 796 1878 πολλὴ
829 1822 1158 1878 α’ντιμαχηστύς.
1218 1824 1285 1864 ubi
1323 1825 1363 1864 in
1397 1825 1652 1875 Victorianis‚

132 1896 304 1948 itemque
333 1897 372 1936 in
402 1897 669 1938 Townleianis
699 1897 863 1938 scholiis
895 1899 996 1951 apud
1028 1898 1240 1951 Heynium.
1269 1897 1309 1936 T.
1334 1896 1414 1936 VII.
1438 1908 1472 1949 p.
1491 1895 1584 1937 658.
1614 1900 1652 1935 et

130 1959 260 2021 suppl.
293 1981 331 2022 p.
362 1969 456 2010 806.
488 1971 567 2010 ita:
599 1967 686 2011 ε”στι
721 1972 767 2011 δὲ
800 1971 823 2024 ἡ
856 1972 963 2020 λέξις
994 1968 1391 2022 Ἀντιμάχειος.
1450 1967 1554 2008 haud
1574 1967 1650 2008 du-

131 2041 196 2080 bie
227 2045 349 2082 recte,
397 2054 476 2082 non
521 2047 581 2082 est
612 2044 715 2084 enim
747 2044 974 2096 probabile,
1004 2044 1109 2097 quod
1143 2044 1261 2085 alicui
1291 2044 1331 2083 in
1367 2047 1538 2083 mentem
1571 2053 1650 2082 ve-

131 2114 244 2164 niat,
282 2114 385 2154 male
414 2120 546 2154 natum
579 2127 670 2155 esse
701 2127 845 2156 nomen
879 2116 1108 2156 Antimachz'
1136 2130 1186 2156 ex
1213 2117 1338 2157 verbo
1372 2115 1475 2168 quod
1511 2115 1651 2168 sequi-

130 2189 218 2235 tur,
245 2185 572 2241 ἀντιμαχησττῗς.
607 2214 642 2221 —
687 2189 767 2230 Sed
800 2190 904 2229 unde
936 2196 1023 2241 est,
1053 2191 1157 2242 quod
1195 2188 1459 2229 Blomtieldius
1490 2188 1647 2227 laudat:

130 2256 359 2310 Ἀβολῆτις.
392 2257 583 2315 ἔντευξις,
615 2259 868 2315 ἀπάντησις,
892 2261 1181 2314 Ἀ-ντᾲιαχοςῩ
1235 2263 1278 2303 In
1311 2268 1449 2301 nostro
1480 2261 1649 2313 Etylno-

130 2328 264 2382 logico
294 2330 345 2369 ibi
373 2342 454 2371 non
486 2338 547 2372 est
575 2345 721 2373 nomen
754 2333 991 2374 Antimacln‘.

241 2400 283 2439 ln
316 2396 506 2443 τοῦνεκεν
535 2417 651 2457 quum
692 2405 770 2446 duo
815 2405 989 2446 notanda
1021 2406 1126 2458 sint,
1171 2411 1211 2447 et
1251 2418 1347 2447 vero
1380 2409 1564 2446 notentur
1595 2403 1643 2443 ab

128 2470 368 2527 Ammonio,
400 2475 624 2516 terminatio
656 2489 736 2517 non
768 2478 832 2519 illa
865 2480 1036 2532 antiquis
1067 2481 1211 2520 usitata
1245 2480 1370 2533 epicis
1398 2480 1438 2519 in
1481 2493 1574 2528 κεν,
1605 2481 1646 2516 ct

129 2555 242 2584 usum
269 2545 457 2598 loquendi
488 2549 592 2599 quod
632 2552 792 2602 attinet,
834 2547 963 2592 τοῦν
993 2579 1045 2585 —-
1077 2566 1125 2593 ea
1158 2553 1448 2606 significatione
1479 2551 1641 2601 dictum,

128 2628 205 2669 qua
235 2618 381 2658 usitate
412 2618 606 2662 οὕνεκα
636 2622 799 2664 dicitur:
840 2638 909 2665 cur
942 2625 1019 2665 hoc
1047 2626 1217 2665 voluerit
1247 2623 1530 2674 Callimachus,
1560 2636 1641 2664 non

128 2690 258 2730 statim
285 2692 422 2744 liquet.
480 2694 655 2747 Dixeris,
688 2708 790 2748 quae
820 2698 1033 2738 Herm-anni
1066 2698 1115 2737 ad
1144 2698 1305 2739 Homeri
1332 2697 1369 2739 h.
1400 2697 1439 2737 in
1459 2696 1547 2740 Cer.
1573 2696 1640 2738 66.

130 2761 356 2805 observatio
397 2772 460 2807 est
499 2768 539 2808 in
581 2779 626 2808 re
668 2767 814 2818 simili,
857 2768 1054 2820 placuisse
1086 2781 1157 2821 per
1186 2785 1207 2808 τ
1245 2769 1286 2809 in
1327 2768 1440 2809 initio
1485 2777 1641 2818 versus,

131 2837 304 2879 fortasse
331 2846 494 2894 propter
522 2853 660 2884 sonum
691 2841 921 2894 pleniorem.
979 2844 1031 2884 At
1058 2841 1219 2896 οὕνεκα,
1246 2837 1431 2892 οὕνεκεν,
1462 2840 1566 2881 idem
1600 2840 1638 2880 in
