1856 3126
788 124 1091 163 —238—

173 242 438 291 coniectura,
469 249 568 279 anus
600 239 665 280 illa
698 240 820 280 satum
855 252 980 294 seque
1014 241 1140 292 ipsam
1170 238 1319 280 acerbe
1363 242 1554 290 accusat,
1594 240 1701 292 quod

174 326 256 355 non
286 313 394 365 prius
426 315 580 351 mortua
599 310 752 352 suerit:
785 312 920 352 distuli
948 312 1075 361 mori,
1113 315 1279 352 mortem
1303 310 1461 362 pridem
1490 315 1700 350 vocante-m

170 385 314 426 audire
343 383 560 435 recusavi,
592 388 636 423 ut
664 396 745 423 non
771 385 892 424 nzttlto
918 390 1014 436 post
1040 389 1150 424 tuam
1180 388 1345 424 mortem
1379 383 1565 435 luqerem.
1622 384 1699 425 Mi-

172 471 258 500 rum
290 469 403 497 vero.
463 451 560 496 a’vti
587 457 658 508 τῆς
684 456 734 496 οὗ
765 455 1019 511 ἀποφάσεως
1049 456 1144 508 poni
1172 455 1244 509 μή,
1275 461 1368 495 nota
1400 460 1461 494 est
1491 455 1731 508 Etymolo-.

173 541 316 582 gerum
348 529 530 568 doctrina
571 529 610 568 in
642 529 833 581 exemplis
871 526 1121 569 huiusmodi:
1160 528 1320 569 Homer.
1351 529 1391 568 ll.
1422 528 1504 568 XV.
1535 528 1600 566 41.
1632 525 1699 566 ΙΧ.

173 601 268 642 698.
329 601 382 640 At
413 601 450 639 in
483 600 665 652 exemplo
697 600 942 652 Callimachi,
965 605 1008 641 ut
1037 602 1161 641 verba
1188 603 1271 654 ipse
1302 603 1583 651 interpretatur
1609 598 1702 638 Sui-

174 673 260 724 ‹las‚
291 670 349 725 μή
386 684 466 712 non
497 684 568 723 pro
599 667 661 722 οὗ,
689 672 760 712 sed
794 684 864 724 pro
899 671 967 713 ἵνα
994 673 1047 711 ου’
1076 674 1172 713 erit:
1197 670 1258 725 ’μὴ
1291 670 1398 723 μετὰ
1435 669 1522 723 δήν,
1550 675 1594 709 ut
1621 681 1703 708 non

170 746 292 785 multo
321 750 426 796 post.
485 744 719 795 lnauditum,
749 746 789 784 ni
821 745 948 786 fallor.
1009 746 1181 796 Haereo,
1214 744 1306 796 quid
1336 744 1548 796 scripsisse
1580 742 1702 782 Calli-

176 816 362 857 maehum
392 817 620 857 coniiciam.
737 816 831 857 lllud
866 818 933 857 vix
963 817 1140 865 dubium,
1171 819 1263 869 quin
1292 813 1397 867 μετὰ
1421 813 1494 867 δήν
1523 814 1703 866 scripse-

175 890 239 939 rit,
269 893 311 928 ut
340 901 446 928 nunc
479 892 539 927 est
570 888 640 927 ἑπί
667 886 743 940 δήν
775 888 876 940 apud
909 889 1163 940 Apollonium
1194 889 1223 928 I.
1255 887 1349 929 516.
1377 887 1438 926 IV.
1462 887 1554 926 740.
1586 886 1703 926 Non-

174 973 265 1001 num
294 959 434 1001 Xthl.
471 960 532 999 11.
574 959 698 1008 alios,
733 963 772 997 el
810 956 881 998 ὲπί
909 958 1062 1010 δηρόν,
1102 957 1207 1008 μετὰ
1245 957 1400 1010 δηρόν,
1431 953 1538 1006 μετὰ
1576 952 1702 1009 δηθά,

177 1031 279 1084 apud
311 1031 595 1082 Apollonium,
633 1030 746 1069 alios.
815 1029 877 1068 Ad
911 1029 1128 1068 dictionem
1168 1026 1377 1081 ἤρνεόμην
1405 1053 1456 1058 -
1490 1029 1706 1072 καλέοντος

176 1103 369 1151 α’κοῦσαι,
400 1103 542 1141 similia
572 1114 623 1141 ex
644 1101 876 1153 Apollinare
908 1102 1099 1152 proposui
1130 1100 1224 1153 Cap.
1260 1100 1304 1140 ΙΙ.
1336 1112 1372 1152 p.
1403 1098 1471 1139 59.
1586 1097 1707 1137 Gais-

176 1172 331 1212 fordius
372 1171 450 1211 hoc
489 1171 645 1223 Fragm.
678 1170 841 1210 CXLIV.
884 1171 1042 1211 videtur
1084 1172 1187 1211 inter
1220 1171 1361 1223 elegos
1391 1171 1546 1210 referre
1587 1169 1703 1209 velle.

177 1245 418 1297 Fragmento
453 1243 615 1283 CXLlV.
647 1256 727 1283 non
760 1244 862 1283 male
893 1248 1161 1296 praeponetur
1189 1244 1344 1296 Fragm.
1377 1242 1615 1284 CCCXXlll.

401 1309 428 1354 οἷ
462 1314 624 1361 πάντως
655 1314 722 1354 ἵνα
751 1317 884 1369 γῆρας
913 1341 981 1355 -.

179 1387 214 1426 si
242 1391 355 1427 recte
387 1387 566 1439 percipio
598 1388 849 1426 sententiam.
908 1388 948 1427 ln
973 1388 1168 1439 scriptura
1192 1397 1274 1426 non
1295 1386 1468 1437 haesito,
1501 1390 1708 1438 postquam

179 1462 369 1499 accurate
401 1470 572 1498 excussa
602 1463 693 1498 sunt
721 1458 882 1499 Scholia
914 1460 954 1498 in
984 1459 1207 1498 Platonem:
1250 1471 1273 1498 a
1302 1456 1706 1505 RuhnkenioSchol.

177 1531 219 1571 in
248 1530 343 1570 Plat.
369 1543 406 1582 p.
435 1531 524 1570 134.
557 1542 579 1570 a
609 1530 794 1570 Bekkero
827 1530 1093 1571 Commentar.
1127 1532 1212 1570 crit.
1243 1532 1282 1570 in
1312 1530 1407 1570 Plat.
1439 1529 1542 1569 T.11.
1562 1528 1710 1581 p.393.

179 1602 381 1642 Maledicit
428 1606 631 1641 senectae.
702 1602 853 1654 Nempe
897 1597 1033 1642 ὄλοιτο
1083 1603 1304 1642 subiectum
1353 1601 1478 1641 fuisse
1529 1605 1709 1640 extremo

181 1685 317 1723 versu,
349 1677 387 1712 et
419 1672 486 1713 ἵνα
518 1685 565 1713 ea
595 1674 633 1713 vi
661 1679 887 1727 usurpatum
921 1687 942 1714 a
963 1674 1204 1714 Callimacho
1236 1674 1435 1723 existimo,
1469 1684 1586 1724 quam
1614 1669 1708 1712 alibi

180 1744 237 1794 ὦς
266 1745 401 1796 habet,
433 1750 473 1785 ut
502 1745 605 1797 apud
635 1747 758 1798 ipsum
792 1746 1073 1786 Callimachum
1103 1747 1142 1786 in
1177 1746 1300 1786 Coma
1332 1745 1569 1785 Berenices:
1601 1743 1707 1793 [Ζεῦ

179 1816 339 1870 πάτερ,]
376 1815 433 1864 ὥς
463 1817 679 1869 Χαλύβων
711 1819 793 1858 πᾶν
821 1815 1017 1858 αἠόλοιτο
1047 1820 1178 1870 γένος,
1209 1817 1286 1867 vel,
1312 1816 1418 1869 quod
1440 1815 1707 1855 Valckenario

179 1892 376 1943 placebat,
409 1885 457 1945 [αἶ
484 1891 599 1940 Ζεῦ,]
634 1891 715 1929 πᾶν
741 1888 958 1941 Χαλύβων
991 1888 1046 1937 ὥς
1074 1889 1271 1929 ἀπόλοιτο
1298 1891 1426 1942 γένος.
1486 1888 1593 1927 Idem
1607 1888 1708 1927 Fra-

179 1968 381 2015 gmentuin
415 1962 651 2002 CCCXXlll.
683 1960 842 2012 volunt,
876 1963 941 2013 qui
974 1960 1038 2000 alii
1073 1963 1109 2001 ἶ
1135 1958 1181 2001 τὸ
1213 1961 1503 2011 περισπασθέν
1532 1972 1553 1998 e
1581 1958 1708 1999 Calli..

178 2031 320 2071 macho
362 2032 545 2071 laudaut:
593 2036 635 2070 ut
682 2031 832 2083 patebit
879 2030 1102 2069 conserenti
1158 2016 1259 2069 illos
1291 2043 1378 2069 cum
1423 2030 1625 2082 Hesychio
1667 2034 1708 2069 et

181 2103 403 2145 Scholiasta
438 2103 652 2145 Platonico,
713 2102 811 2142 Sunt
841 2107 970 2141 autem
1001 2102 1061 2141 hi:
1106 2102 1266 2142 Photius
1298 2102 1392 2141 Lex.
1419 2103 1475 2142 “A
1507 2100 1552 2141 τὸ
1587 2096 1705 2155 ἄλφα

180 2177 471 2226 aemonae-9511
503 2174 627 2223 δηλοῖ
649 2171 694 2213 τὸ
723 2172 835 2213 εἴθε·
883 2170 1017 2219 οὕτως
1059 2172 1137 2226 γάρ
1174 2174 1453 2225 Καλλίμαχος
1493 2174 1706 2226 κέχρηται.

178 2247 370 2300 Cyrillus:
409 2245 463 2287 Τὸ
494 2248 524 2285 ἃ
555 2247 843 2298 περισηασθὲν
873 2247 997 2298 δηλοῖ
1020 2243 1129 2285 εἴθε·
1160 2240 1300 2297 ὥσπερ
1331 2241 1444 2297 παρὰ
1476 2240 1708 2295 Καλλιμά-

179 2335 255 2376 χῳ.
286 2323 326 2358 et
356 2317 529 2358 fortasse
566 2317 644 2357 alii.
758 2317 984 2357 Ruhnkenii
1012 2317 1150 2368 Epistt.
1182 2317 1390 2356 Tittmann.
1433 2328 1469 2368 p.
1506 2315 1569 2354 17.
1601 2326 1706 2355 con-

179 2393 344 2441 iectura,
374 2391 437 2443 qui
466 2390 544 2429 hoc
577 2388 682 2441 quod
714 2393 793 2428 tuin
815 2390 889 2440 ipsi
920 2389 1129 2428 videbatur
1159 2389 1513 2439 corruptissimum,
1547 2381 1575 2426 ἆ
1595 2384 1706 2426 πάν-

179 2479 257 2510 τως
288 2464 355 2503 ἱίνα
384 2463 530 2513 γῆρας,
562 2460 818 2500 reficiendum
849 2472 899 2499 ex
929 2460 1125 2500 Plutarchi
1156 2462 1336 2512 Sympos.
1357 2459 1415 2499 ΙΙΙ.
1432 2458 1470 2498 6.
1490 2470 1527 2510 p.
1545 2457 1639 2497 654.
1656 2458 1703 2498 D.

183 2534 446 2582 conficiebat,
475 2537 516 2572 ut
548 2533 586 2571 in
617 2532 763 2584 hymno
794 2531 1072 2581 (Callimachi,
1101 2537 1141 2570 ut
1172 2537 1300 2583 putat]
1343 2531 1480 2570 suerit:
1523 2524 1578 2570 ςΑ
1602 2529 1704 2580 βάλε

181 2603 266 2646 ἄνω
297 2604 342 2645 τὸ
374 2606 529 2656 γῆρας,
560 2599 593 2643 ὦ
627 2602 732 2642 καλά
763 2604 993 2657 Ἀφροδίτα
1014 2634 1024 2653 ,
1067 2603 1155 2642 Alc!
1193 2600 1308 2654 differ
1347 2606 1606 2641 senectutem:
1652 2599 1702 2639 ab

179 2681 280 2730 ipso,
310 2682 417 2728 puto,
446 2675 680 2715 Ruhnkenio
713 2680 863 2715 mature
894 2678 1069 2728 seposita
1102 2676 1184 2715 suit.
1243 2676 1371 2728 Magis
1399 2673 1629 2726 probabile,
1663 2675 1702 2710 et

181 2750 308 2802 inagis
343 2750 459 2787 ctiam
493 2753 621 2800 aptum
655 2749 704 2788 acl
738 2753 931 2799 metrum,
964 2748 1070 2800 quod
1101 2749 1204 2787 idem
1237 2747 1410 2787 ibidem:
1440 2743 1565 2795 ἅμιλλ’
1599 2742 1702 2793 (uli-

178 2827 289 2871 ηαηι)
323 2815 408 2857 fisco
440 2817 483 2857 τὸ
521 2822 676 2871 γῆρας,
746 2815 778 2859 ὦ
819 2818 926 2860 καλὰ
965 2818 1222 2874 Ἀφροδίτα.
1283 2819 1424 2857 Verum
1472 2816 1509 2855 ei
1554 2815 1700 2867 hymno
