1856 3126
750 133 1024 170 -glm

130 248 225 288 facit
253 245 369 287 valde
396 245 602 298 simplicia,
632 248 700 287 vix
730 250 939 301 quicquam
971 250 1020 289 de
1051 249 1183 290 diviua
1203 247 1345 288 Thesei
1369 247 1525 300 origine
1547 258 1648 300 pro-

128 320 287 360 denua:
316 313 465 357 οὕνεκα
496 316 690 365 Πιτθεὺς
716 321 877 371 γείνατο
908 323 952 372 μ’
981 323 1024 361 ἐν
1057 321 1276 374 Τροιζῆνι,
1304 319 1421 375 γάμῳ
1452 321 1491 359 δ’
1517 316 1646 359 ἑδνώ-

127 406 227 432 σατο
256 390 343 435 δῖος
371 388 558 441 Αἰγεύς·
607 389 651 428 ἐκ
681 390 716 429 δ’
747 386 815 444 ἄρ’
845 391 960 441 ἐμεῖο
990 391 1139 438 κλυτὸς
1168 390 1266 438 πάϊς
1295 389 1436 431 ἔπλετο
1466 387 1644 444 Θησεύς.

125 463 275 502 Rursus
304 461 523 500 Pausaniae
547 460 576 500 I.
613 461 675 511 17,
707 462 744 501 3.
776 463 1021 513 narrationi,
1053 463 1179 502 mirae
1209 463 1262 501 illi
1290 462 1338 501 de
1369 461 1646 501 controversia

126 538 166 574 et
195 534 443 586 sponsione,
487 545 589 585 quae
627 534 841 585 aliquando
882 535 1037 575 Theseo
1084 547 1171 574 eum
1202 535 1334 575 Minoe
1376 535 1521 584 suerit,
1568 533 1647 572 hoc

126 604 274 654 subest,
308 605 414 656 quod
445 606 563 646 etiam
595 606 741 647 clarius
772 619 823 646 ex
850 608 1007 660 Hygino
1039 607 1147 646 Poet.
1170 608 1331 647 Astron.
1360 607 1411 647 ll.
1433 608 1469 646 5.
1502 605 1647 655 elucet,

126 680 166 716 et
194 676 368 716 habitum
401 688 493 717 esse
521 690 593 729 pro
623 678 790 730 Neptuni
817 678 923 731 filio,
951 683 990 718 et
1019 679 1144 731 ipsum
1174 690 1220 717 ea
1255 679 1410 730 origine
1435 678 1645 730 gloriatum

126 759 217 787 esse
245 748 452 788 Theseum.
514 749 588 797 Qui
618 749 763 789 Ovidio
796 762 918 802 saepe
961 751 1070 790 audit
1107 749 1306 802 Aegyides,
1344 754 1383 788 et
1425 754 1487 788 est
1527 760 1646 788 vexus

123 820 255 871 Aegei
285 819 410 871 fitius,
445 820 494 860 ab
529 820 671 860 eodem
702 820 928 872 Neptunius
957 821 1077 860 heros
1105 826 1274 861 vocatur
1303 821 1424 873 Epist.
1455 820 1516 859 lv.
1554 820 1645 859 109.

124 891 282 931 Metam.
316 891 381 931 lX.
408 892 440 931 1.
474 896 514 931 et
543 904 658 943 quum
688 892 982 945 Demophoonti
1001 892 1144 945 Phyllis
1174 893 1334 932 scribit:
1364 891 1518 942 Perque
1540 894 1648 929 immo

123 963 218 1003 mim
255 963 401 1002 iurasti
421 996 432 1015 ,
461 964 541 1003 nisi
568 965 685 1016 fictus
723 970 761 1004 et
788 966 854 1005 itte
883 970 963 1016 est,
995 965 1161 1005 Concita
1197 965 1266 1016 qui
1299 964 1426 1003 ventis
1469 975 1649 1014 aequora

123 1036 293 1085 mzdcet,
326 1047 473 1074 avum:
510 1036 544 1075 is
576 1048 704 1085 avus,
737 1049 787 1075 ne
818 1037 904 1089 quis
938 1037 1055 1077 deum
1086 1037 1279 1076 marinum
1309 1037 1490 1088 Aegeum
1531 1035 1649 1087 eogi-

125 1112 207 1158 tet,
241 1106 450 1146 manifesto
482 1107 684 1159 Neptunus
713 1112 786 1148 est,
846 1107 1094 1148 Plutarchum
1125 1119 1222 1147 vero
1251 1108 1355 1161 quod
1392 1108 1553 1158 attinet,
1582 1111 1647 1146 te-

125 1179 333 1229 nebimus,
365 1177 472 1229 quod
510 1178 575 1218 ille
615 1183 794 1218 veterem
838 1179 1012 1219 fabulam
1054 1178 1104 1219 de
1149 1179 1305 1218 Theseo
1351 1178 1521 1230 Neptuni
1568 1177 1647 1217 filio

125 1254 460 1303 agnoscat3110n
502 1250 771 1301 morabimur,
816 1249 923 1302 quod
966 1250 1071 1289 idem
1116 1249 1166 1289 ad
1209 1250 1426 1289 historicae
1473 1252 1647 1302 speciem

123 1323 439 1374 πραγματείας,
469 1333 585 1372 quam
615 1321 720 1361 solet
745 1325 906 1374 captare
940 1322 978 1360 in
1008 1321 1178 1372 Theseo,
1210 1322 1420 1373 detorquet
1452 1322 1646 1363 fabulam:

124 1392 173 1432 de
195 1392 375 1444 Neptuno
405 1397 516 1444 patre
549 1404 748 1432 rumorem
776 1392 1016 1446 divulgatum
1039 1393 1285 1440 Troezeniis‚
1318 1393 1534 1434 cultoribus
1562 1395 1648 1435 eius

123 1464 188 1504 dei
221 1464 547 1517 diligentissimis,
581 1477 603 1504 a
622 1465 775 1505 Pittheo
805 1477 910 1518 esse,
941 1473 982 1506 ut
1014 1469 1226 1505 excusaret
1253 1465 1383 1505 filiani.
1447 1467 1514 1507 Sic
1542 1466 1649 1508 idem

122 1536 293 1576 fabulam
324 1537 534 1590 agnoscit,
569 1536 855 1577 dubitationem
884 1536 995 1576 addit
1026 1537 1077 1576 de
1110 1547 1209 1588 suo,
1253 1536 1319 1576 ubi
1355 1539 1535 1590 quaerit,
1576 1552 1649 1580 eur

121 1610 316 1648 mensium
346 1605 391 1648 αἱ
418 1602 567 1661 &ydem
608 1620 750 1649 sacrae
783 1608 939 1649 Theseo
969 1607 1213 1660 habeantur,
1242 1621 1327 1661 cap.
1357 1608 1424 1650 36.
1485 1610 1648 1651 Conve-

120 1683 223 1731 nire,
256 1693 306 1720 ex
338 1681 531 1733 opinione
560 1680 888 1731 Atheniensium,
917 1692 1006 1720 eum
1040 1692 1246 1721 numerum
1281 1681 1450 1732 Theseo,
1477 1679 1522 1721 ἐκ
1555 1686 1646 1724 Πο-

117 1753 315 1801 σειδῶνος
343 1754 554 1806 γεγονέναι
580 1751 864 1808 λεγομένῳ.
911 1750 983 1792 καί
1011 1750 1091 1804 γὰρ
1121 1753 1374 1792 Ποσειδῶνα
1406 1759 1497 1800 ταῖς
1525 1750 1646 1807 ὀγδό-

118 1838 186 1870 αις
216 1825 406 1874 τιμαῖσιν.
460 1824 560 1863 IIinc
590 1836 727 1863 eorum
760 1836 811 1862 ex
841 1828 987 1873 mente,
1015 1825 1079 1875 qui
1110 1822 1386 1864 admiscebant
1413 1826 1647 1876 Neptunum,

116 1896 169 1935 ita
202 1896 551 1947 interpretabimur
580 1908 698 1949 supra
731 1901 1082 1936 commemoratum
1119 1897 1345 1937 mandatum
1372 1898 1525 1950 Aegei:
1569 1897 1647 1937 du-

117 1967 309 2006 bitantem
338 1967 532 2020 Aegeum,
559 1979 675 2020 quum
704 1968 886 2007 Trozene
916 1968 1090 2008 abiturus
1123 1973 1253 2019 esset,
1282 1969 1332 2008 de
1358 1975 1484 2021 partu,
1529 1982 1645 2022 quem

116 2045 197 2082 tum
225 2045 338 2082 utero
372 2039 527 2079 ferebat
557 2039 731 2091 Aethra,
770 2043 898 2079 utrum
930 2041 1015 2092 ipse
1060 2040 1145 2079 eius
1188 2044 1324 2093 partus
1367 2045 1479 2093 pater
1523 2046 1643 2093 esset,

117 2126 168 2154 an
197 2114 312 2165 alius,
341 2112 435 2152 illud
463 2112 682 2164 imperasse
713 2112 762 2152 de
790 2111 926 2165 gladio
957 2111 1201 2164 calceisque.
1262 2113 1494 2154 Confidebat
1525 2116 1644 2166 enim,

115 2183 157 2223 id
186 2184 293 2236 quod
327 2185 421 2225 mihi
447 2184 604 2236 quidem
632 2195 796 2236 prorsus
830 2185 1031 2236 antiquum
1062 2189 1101 2224 et
1134 2185 1435 2226 accommodate
1468 2187 1518 2226 ad
1550 2199 1642 2227 mo-

114 2267 199 2294 rem
227 2261 403 2296 veterum
451 2256 669 2296 fabularum
705 2255 957 2307 indolemque
989 2256 1118 2295 fictum
1148 2257 1322 2307 videtur,
1349 2259 1571 2309 neminem,
1601 2265 1642 2299 ut

118 2331 280 2367 erueret
306 2328 394 2378 illa,
436 2330 649 2378 idoneum,
688 2341 737 2367 ac
772 2328 919 2367 nemini
950 2326 1150 2380 gladium,
1192 2333 1232 2368 et
1271 2330 1442 2370 maxime
1482 2330 1640 2371 calceos

118 2404 231 2451 aptos
264 2398 364 2452 fore,
395 2400 471 2440 nisi
499 2412 571 2440 suo
603 2412 698 2439 vcro
731 2399 824 2439 tilio.
882 2399 1021 2439 Itidem
1053 2399 1203 2439 Aethra
1235 2401 1363 2453 Aegei
1385 2413 1475 2441 esse
1506 2401 1638 2454 filium,

117 2477 197 2511 tum
232 2471 388 2510 demum
418 2472 567 2511 certior
598 2471 701 2510 sacta
734 2475 809 2521 est,
840 2483 955 2522 quum
986 2470 1162 2510 Theseus
1192 2471 1420 2523 imperatum
1450 2474 1633 2526 peregis-

117 2549 204 2584 set:
248 2555 338 2582 nam
370 2547 486 2582 antea
522 2543 607 2594 ipsa
655 2542 928 2592 dubitaverat,
961 2546 1088 2580 utrum
1126 2542 1255 2594 Aegei
1301 2548 1406 2582 esset
1443 2544 1541 2584 filius
1585 2559 1634 2586 an

62 2629 66 2633 ·
114 2616 298 2668 Neptuni.
366 2615 499 2666 Atque
542 2613 648 2653 hune
684 2615 725 2653 in
775 2625 935 2653 sensum
980 2613 1152 2653 sortasse
1194 2614 1490 2665 accipiendam:
1532 2617 1556 2671 ἡ
1596 2620 1633 2659 ὸ’

117 2685 299 2741 ἐκύησεν,
328 2681 517 2727 τοῦνεκεν
545 2684 700 2736 Αἰγέος
731 2681 858 2724 ἔσκεν.
917 2684 1032 2731 Quod
1054 2684 1261 2737 reliquum,
1291 2691 1375 2726 rata
1402 2689 1632 2732 conditione

115 2760 244 2801 bonus
276 2763 388 2812 pater
418 2757 641 2809 acquievit3
673 2755 760 2795 aliis
802 2756 840 2794 in
874 2767 991 2794 omne
1021 2760 1171 2807 tempus
1200 2756 1364 2798 liberum
1407 2766 1518 2812 erat,
1557 2775 1629 2815 pro

116 2832 247 2885 Aegei
275 2832 353 2871 filio
383 2831 530 2871 vellent
552 2842 601 2869 an
631 2829 756 2881 magis
779 2827 945 2880 Neptuni
967 2826 1116 2868 habere
1138 2828 1344 2869 Theseum.
1387 2831 1489 2879 Quid
1511 2837 1628 2886 enim,

213 2915 336 2949 Naeltt'i
361 2914 480 2959 Opusc.
507 2912 549 2946 11.
1328 2903 1353 2942 6
