1856 3126
798 98 1077 134 ...77-

177 226 253 266 que
283 215 399 264 licet,
427 217 503 252 tam
539 212 767 250 femininum
801 225 915 264 quam
946 218 1155 261 neutrum3
1197 213 1247 253 cf.
1280 215 1441 263 praeter
1474 210 1502 250 1.
1545 210 1710 251 Grono-

175 286 280 324 vium
313 283 362 322 ad
403 281 536 333 Steph.
569 281 662 332 Byz.
693 281 972 333 Fragmentum
1002 294 1037 333 p.
1075 282 1166 322 297.
1196 282 1283 322 Vol.
1311 284 1392 323 Vll.
1421 283 1536 323 Thes.
1575 283 1710 334 Antiq.

177 356 241 396 Gr.
269 359 309 393 et
335 353 560 393 Ernestium
592 353 643 392 ad
669 352 817 392 Callim.
848 354 910 392 Fr.
936 353 1045 393 Xltl.
1076 354 1232 393 Bastius
1252 355 1472 394 Commeat.
1504 354 1711 407 palaeogr.

173 439 209 480 p.
241 427 336 467 853.
375 426 480 464 med.
548 425 634 464 Etsi
678 425 928 476 Bentleium,
970 427 1036 478 qui
1079 427 1222 478 expelli
1261 427 1422 466 volebat
1469 427 1712 476 femininum,

173 509 293 538 nemo
337 497 644 549 reprehenderit
676 500 839 538 acriter:
888 502 998 537 certe
1042 499 1165 549 ipsum
1199 498 1438 549 Stephanum
1480 499 1547 537 tali
1584 499 1623 537 in
1664 509 1711 536 rc

173 568 389 607 fluctuasse
421 579 501 606 non
535 571 596 606 est
640 569 725 607 veri
757 568 896 608 simile.
961 568 1050 608 Utut
1093 568 1344 620 scribantur,
1375 582 1427 609 ex
1457 570 1587 610 Aetiis
1619 580 1712 609 esse

170 639 297 679 verba
340 638 433 689 illa,
473 638 569 678 mihi
616 639 834 691 persuadet
881 639 1171 692 Epaphroditi,
1212 653 1328 693 quam
1377 642 1505 682 statim
1552 641 1715 681 subiicit

170 711 396 763 Stephanus
417 743 427 762 ,
460 712 790 751 commemoratio
810 743 820 762 ,
854 723 970 764 quem
1006 724 1122 764 quum
1154 709 1385 767 ὑπόμνημα
1427 714 1640 765 scripsisse
1672 713 1714 752 in

168 784 287 824 Aetia
319 783 551 823 Callimachi
585 788 768 833 constet,
808 784 904 823 satis
946 789 1054 824 certa
1100 789 1161 824 est
1203 786 1530 838 argumentatio,
1577 786 1617 824 in
1662 796 1714 824 eo

167 853 442 908 ὑπομνήματι
474 857 592 895 etiam
625 855 726 896 haec
761 857 926 908 scripta,
956 868 1057 908 quae
1092 868 1142 895 ex
1164 856 1436 909 Epaphrodito
1465 857 1592 897 refert
1620 857 1714 898 Ste-

170 927 348 979 phanus,
382 932 422 967 et
453 927 503 967 ad
536 928 642 968 illum
679 929 825 981 scripta
858 929 981 968 fuisse
1015 929 1243 969 Callimachi
1274 929 1420 969 locum.
1479 929 1546 970 Sic
1583 929 1714 981 Frag-

167 1003 340 1038 mentum
373 999 477 1039 XIX.
515 1000 582 1052 qui
617 1000 794 1052 exhibet,
825 1001 1102 1053 Etymotogus,
1132 1002 1299 1053 primum
1329 1003 1452 1043 verba
1485 1004 1597 1055 ponit
1618 1002 1714 1043 Cal-

167 1072 356 1122 limachi,
388 1073 694 1124 Καλλιίιιαχος·
748 1068 770 1125 ἦ
800 1074 878 1124 μὲν
912 1072 1180 1126 αέρτάζουσα
1210 1076 1319 1126 μέγα
1350 1072 1510 1129 τριῗφος
1540 1074 1711 1127 ὖψίζω-

167 1159 238 1192 νος
268 1138 453 1197 ἄπυρον
487 1146 865 1198 εἰσαιέβαινειρὒ),
908 1150 987 1185 tum
1030 1145 1157 1185 haec:
1206 1143 1365 1199 εἴρηται
1412 1147 1458 1187 δὲ
1506 1144 1622 1201 παρὰ
1661 1146 1708 1187 τὸ

166 1211 272 1256 ἄστυ
305 1213 630 1270 ὑποκοριστικῶς
664 1212 861 1270 ἅστυρον.
923 1214 1034 1257 οὕτω
1076 1218 1198 1258 Θέων
1239 1215 1282 1257 ἐν
1321 1214 1593 1271 ὖπομνήματι
1635 1219 1711 1258 τοῦ

164 1284 200 1338 β’
242 1284 408 1326 Αἰτιόυ.
481 1286 564 1333 Qua
611 1287 786 1326 Theonis
835 1289 1041 1327 mentione
1092 1293 1314 1329 commotus
1357 1290 1558 1330 Bentleius
1600 1295 1713 1330 recte

167 1357 402 1398 Callimachi
442 1369 601 1409 quoque
633 1368 794 1396 versum
823 1357 1005 1396 secundo
1035 1358 1242 1398 Aetiorum
1285 1360 1518 1399 vindicavit.
1588 1360 1713 1400 Deni-

168 1442 247 1484 que
279 1429 329 1469 de
361 1429 480 1469 tertio
506 1428 738 1469 Callimachi
766 1428 858 1468 loco
881 1428 1112 1480 videndum,
1142 1429 1206 1470 ubi
1227 1426 1479 1478 Ἐλλοπιεύς.
1538 1431 1714 1483 Stepha-

167 1516 242 1543 nus
272 1515 308 1542 v.
343 1502 569 1554 Σχοινοῦςῑ
604 1502 677 1541 καί
708 1497 729 1540 ὅ
763 1498 879 1553 παρὰ
904 1503 1172 1558 Καλλιμάχῳ
1192 1497 1456 1554 'Ellam-5159,
1488 1500 1603 1555 παρὰ
1637 1500 1712 1555 τήν

164 1573 431 1626 ²13).).0'71÷;1m›⁹
465 1573 515 1613 ου’
549 1571 664 1627 παρὰ
697 1568 983 1614 τὸνἜλλοπα.
1046 1574 1192 1614 Verum
1223 1573 1301 1614 hoc
1334 1585 1414 1613 non
1448 1573 1585 1613 dubito
1619 1574 1713 1625 quin

168 1651 324 1699 spectet
355 1646 404 1686 ad
448 1646 644 1698 Hymnum
676 1647 714 1685 in
746 1646 831 1686 Del.
867 1647 932 1687 20.
973 1647 1047 1686 καί
1086 1646 1257 1697 Μάκρις
1289 1644 1516 1698 Ἀβαντιάς
1547 1646 1712 1687 Ἐλλο-

167 1717 357 1770 πιήων.
422 1717 630 1757 Caeterum
664 1718 757 1770 quid
789 1722 828 1757 et
870 1730 985 1770 quam
1019 1719 1140 1771 longe
1171 1717 1436 1758 Callimachus
1468 1718 1547 1758 hoc
1581 1720 1713 1771 capite

169 1790 365 1840 Hecales,
397 1790 436 1829 in
468 1802 545 1842 quo
580 1802 685 1830 nunc
718 1801 952 1841 versamur,
983 1791 1191 1841 docuerit,
1236 1801 1316 1829 non
1360 1789 1559 1830 deliniam.
1630 1791 1711 1832 Sed

170 1865 318 1900 tantum
350 1860 511 1912 docuit,
542 1865 585 1900 ut
615 1860 742 1912 probe
773 1860 1085 1914 intelligeretur,
1127 1861 1235 1914 quod
1264 1861 1368 1902 infra
1412 1874 1711 1903 commemora-

170 1938 280 1973 turus
311 1937 419 1982 erat,
451 1929 671 1985 Αἰδήψιον
703 1926 796 1985 ἆορ.
854 1958 860 1961 1

283 2004 461 2045 Adducit
492 2003 542 2043 ad
574 2016 714 2044 saxum
744 2004 897 2044 Aethra
927 2003 1060 2053 silium,
1091 2005 1155 2055 qui
1187 2010 1282 2055 tum,
1310 2005 1505 2045 Pausania
1534 2006 1562 2045 1.
1583 2006 1649 2058 27,
1671 2008 1710 2047 8.

171 2082 294 2127 teste,
330 2089 475 2116 annum
509 2076 656 2129 agebat
687 2081 844 2116 sextum
878 2081 918 2116 et
952 2076 1161 2116 decimum.
1221 2077 1454 2117 Plutarchus
1485 2089 1518 2118 c.
1551 2077 1590 2119 6.
1619 2080 1713 2119 ἐπεὶ

171 2151 218 2191 δὲ
245 2146 462 2203 μειράκιον
502 2144 559 2188 (ὃν
599 2144 689 2200 ἅμα
721 2150 771 2204 τῇ
810 2149 889 2189 τοῦ
921 2145 1119 2200 σώματος
1159 2145 1279 2204 ῥώμῃ
1327 2150 1544 2204 διέφαινεν
1585 2148 1714 2204 α’λκῆν

171 2220 240 2261 καὶ
273 2222 469 2276 φρόνημα
500 2219 603 2272 μετὰ
635 2221 710 2260 νοῦ
740 2220 815 2261 καί
843 2222 1051 2268 συνέσεως
1078 2223 1264 2273 βέβαιον,
1295 2218 1460 2270 οὕτως
1489 2219 1664 2262 αὐτὸν.
1685 2220 1711 2274 ἧ

171 2290 365 2345 Αἴθρα
398 2291 534 2345 πρὸς
576 2289 672 2345 τὴν
701 2293 911 2344 πέτραν
952 2294 1426 2347 προσαγαγοῦσα,
1458 2296 1536 2333 etc.
1586 2293 1634 2334 ‘O
1665 2293 1712 2334 δὲ

172 2364 246 2419 τήν
279 2366 358 2417 μὲν
385 2365 541 2419 πέτραν
570 2362 706 2403 ὑπέδυ
724 2393 735 2415 ,
762 2362 837 2404 καί
865 2362 1021 2421 ῥᾳδίως
1050 2365 1229 2406 οἷπέωσε.

884 2435 908 2490 ἦ
945 2437 983 2476 ‹5'
1010 2434 1190 2490 ἐκύησεν,

496 2504 687 2550 τοῦνεκεν
716 2511 872 2562 Αἰγέος
900 2505 1032 2549 ἔσκεν.

175 2578 510 2630 Callim.'Fragin.
542 2579 678 2620 LlII”.
737 2581 795 2621 Ita
828 2581 1026 2630 emendo,
1058 2580 1144 2632 plus
1179 2591 1256 2631 ego
1276 2580 1490 2620 Ammonio
1523 2581 1709 2621 tribuens

174 2650 277 2701 apud
312 2662 428 2702 quem
460 2646 653 2690 τοῦνεκεν
684 2653 869 2704 Αἰγαῖος
903 2648 1021 2702 ἔσχε,
1069 2663 1184 2702 quam
1216 2650 1472 2704 Etymologo.
1529 2651 1579 2691 Et
1609 2651 1710 2704 Ety-

170 2723 356 2775 mologus
389 2722 546 2774 (widem
580 2735 614 2761 v.
652 2719 876 2772 Κοάλεμον
906 2735 942 2773 p.
966 2719 1060 2771 524,
1094 2723 1158 2761 93.
1188 2722 1270 2762 sic:
1299 2717 1322 2771 ἧ
1351 2723 1390 2762 ‹5’
1422 2722 1605 2775 ἐκύησεν,
1633 2719 1710 2762 οὕ-

171 2809 268 2834 ιεκα
304 2797 421 2848 γένος
453 2792 596 2835 ἔσκεν·
638 2798 675 2833 et
703 2795 762 2833 sic
796 2794 836 2834 in
878 2794 1131 2847 Fragmentis
1161 2793 1341 2834 Vulcanii
1382 2807 1420 2847 p.
1454 2795 1543 2837 175.
1576 2796 1639 2836 vel
1669 2807 1706 2849 p.
