1820 3141
828 133 1104 169 ..27-

202 248 279 287 illis
307 247 420 286 locus
448 245 630 284 inventus
661 246 813 285 fuerit?
925 248 1056 298 Atque
1099 259 1216 286 unam
1251 258 1354 299 ego,
1385 258 1436 286 ne
1466 245 1582 286 latius
1620 257 1723 284 eva-

199 322 316 371 getur
354 316 477 356 libido
519 316 760 369 colligendi,
805 329 884 356 non
931 321 1027 357 satis
1069 318 1321 357 observatam
1366 319 1454 357 aliis
1497 317 1723 357 cautionem

201 389 356 428 habeo:
402 399 451 427 ea
493 399 595 439 quae
640 387 836 440 disputavi
873 387 924 427 de
970 394 1205 440 argumento
1251 390 1478 442 ambituque
1521 388 1721 429 carminis.

199 461 290 500 Non
321 458 504 498 omnibus
532 459 677 498 Thesei
708 458 825 499 sactis
855 459 969 499 locus
1000 460 1039 498 in
1067 460 1217 499 Hecale
1249 461 1332 500 suit.
1423 460 1723 501 Observabatur

199 530 444 571 Callimacho
488 531 711 571 facinorum
749 531 894 571 Thesei
931 532 992 581 is,
1034 543 1149 582 quem
1192 531 1421 572 Plutarchus
1462 532 1641 584 sequitur
1681 530 1722 571 in

197 602 378 642 Theseo:
425 613 595 653 quocum
635 602 890 642 consentiunt
918 601 1121 642 Diodorus
1150 603 1306 642 Siculus
1334 603 1396 642 IV.
1428 602 1494 642 59.
1523 614 1610 654 seq.
1641 601 1721 641 alii.

194 674 304 727 Ergo
333 674 374 714 in
406 673 582 725 Hecale,
613 676 687 714 etsi
714 674 860 714 Minois
887 675 1133 714 mentionem
1162 673 1306 713 factam
1336 685 1428 713 esse
1461 675 1722 726 probabiliter

196 745 520 796 monstrabimus,
553 745 604 785 de
632 745 855 785 Minotauro
888 743 999 784 nihil.
1056 744 1140 784 Nisi
1171 743 1221 783 de
1250 754 1300 782 6ο
1332 743 1481 794 aliquid
1502 744 1722 796 praedixe-

194 818 246 858 rit
275 818 408 857 obiter
434 821 570 869 poeta,
599 820 641 856 ut
668 817 799 856 solent
827 820 972 868 poetae
1006 816 1056 855 de
1088 826 1153 866 eo,
1183 814 1291 867 quod
1324 815 1537 866 postmodo
1574 816 1720 856 sactum

195 889 328 940 suerit,
357 900 642 940 nonnunquam
673 888 804 928 obiter
835 889 1020 928 inserere
1053 887 1264 928 indicium:
1299 886 1350 926 cf.
1383 886 1533 926 Callim.
1563 888 1718 939 Fragm.

193 961 342 1001 CCXII.
455 961 508 1000 At
539 960 663 1000 fuisse
701 961 742 1000 in
784 960 932 1000 Hecale
975 960 1024 999 de
1060 959 1218 999 Theseo
1261 958 1508 998 sollemniter
1548 964 1719 1011 excepto

191 1037 282 1085 post
310 1032 480 1072 reditum
511 1044 534 1071 e
567 1032 699 1081 Creta,
729 1036 771 1071 ut
800 1031 934 1071 statuit
963 1031 1150 1083 Toupius,
1181 1030 1250 1070 ubi
1280 1030 1331 1069 de
1359 1029 1585 1083 fragmento
1618 1042 1721 1082 poe-

133 1129 136 1131 -
192 1108 284 1154 tae,
316 1103 423 1155 quod
453 1108 514 1143 est
545 1103 647 1154 apud
678 1102 839 1143 Suidam
872 1103 913 1141 in
941 1100 1150 1156 Στόρνῃσι
1183 1102 1376 1154 disputat:
1420 1102 1454 1141 is
1485 1102 1719 1142 manifestus

193 1187 310 1217 error
339 1181 414 1229 est,
445 1180 485 1216 et
513 1175 722 1228 quaedam,
754 1180 795 1215 ut
822 1178 932 1226 puto,
961 1174 1172 1214 Minotauri
1201 1187 1290 1215 eum
1323 1180 1438 1216 tauro
1468 1175 1718 1215 Marathonio

191 1248 394 1288 confusio.
455 1248 700 1297 Quamquam
737 1246 816 1285 hac
847 1246 966 1285 etiam
999 1246 1039 1285 in
1070 1246 1339 1298 disputatione
1368 1246 1542 1287 sortasse
1572 1247 1721 1299 aliquid

189 1321 297 1361 inest
324 1319 434 1360 veri:
469 1318 521 1358 de
550 1330 627 1370 quo
663 1317 817 1358 dicetur
846 1320 887 1356 in
918 1318 1012 1370 Cap.
1034 1318 1099 1357 lX.
1214 1319 1458 1359 Pertinentia
1489 1321 1540 1358 ad
1571 1320 1719 1360 bellum

189 1392 337 1432 Minois
366 1389 611 1443 Megaricum
641 1389 895 1442 Scyllamque
927 1389 1013 1429 Nisi
1055 1389 1305 1442 fragmenta,
1336 1403 1459 1431 unum
1489 1391 1721 1431 Callimachi

189 1462 430 1504 CLXXXIV.
464 1463 631 1503 alterum
669 1463 758 1501 sine
787 1462 976 1512 nomine,
1007 1462 1111 1514 apud
1141 1462 1305 1503 Suidam
1338 1463 1379 1503 in
1410 1464 1581 1516 Κρὲκα,
1616 1475 1720 1514 quae

189 1549 242 1576 ex
269 1535 420 1576 Hecale
464 1535 670 1586 desumpta
712 1545 805 1574 esse
843 1535 950 1575 idem
987 1535 1152 1587 putabat
1188 1534 1386 1586 Toupius,
1425 1535 1460 1573 si
1501 1534 1648 1574 suerint
1679 1536 1720 1574 in

189 1608 354 1659 Hecale,
384 1619 461 1660 qua
484 1607 716 1647 conditione
747 1607 909 1659 fuerint,
940 1607 1153 1648 ostendam
1180 1608 1275 1660 Cap.
1300 1608 1363 1647 11.
1454 1605 1569 1646 Nullo
1596 1606 1718 1646 modo

190 1680 243 1720 ad
270 1679 448 1720 Hecalen
474 1681 646 1731 pertinet
676 1691 772 1731 aper
802 1679 1060 1731 Calydonius,
1092 1684 1132 1718 et
1160 1679 1315 1732 Fragm.
1339 1678 1488 1718 Gallim.
1512 1678 1717 1718 CCXXVI.

188 1750 279 1803 εἰμί
306 1753 431 1804 τέρας
458 1751 732 1803 Καλυδῶνος,
762 1745 850 1803 ἄγω
881 1752 918 1790 δ’
949 1748 1147 1792 Αἰτωλὸν
1168 1746 1321 1804 '‘Aotya.
1381 1750 1534 1803 Scripsi
1562 1750 1639 1790 hac
1668 1750 1719 1790 de

190 1837 235 1864 re
266 1830 408 1864 contra
438 1824 659 1864 Bentleium
691 1829 731 1864 ct
760 1824 1067 1864 Valckenarium
1099 1825 1137 1863 in
1166 1822 1375 1875 prooemio
1406 1821 1554 1862 Indicis
1583 1822 1717 1863 Scho-

190 1896 315 1936 larum
361 1896 563 1936 Bonuens.
600 1897 740 1936 aestiv.
777 1880 820 1936 a.
862 1895 981 1936 1824.
1026 1896 1089 1935 cui
1137 1894 1394 1947 disputationi
1436 1905 1542 1933 nune
1584 1894 1716 1934 habeo

191 1980 297 2020 quae
326 1968 471 2008 addam
500 1969 698 2008 beneficio
718 1967 924 2008 Niehuhrii
952 1968 997 2007 V.
1026 1968 1083 2008 Ill.
1142 1967 1179 2007 Is
1210 1979 1327 2019 quum
1352 1967 1519 2018 primum
1549 1966 1717 2019 legisset

191 2041 268 2080 ista
301 2052 416 2091 mea,
449 2040 571 2080 multo
603 2040 798 2080 leniorem
831 2039 976 2080 scholii
1004 2040 1055 2079 ad
1094 2040 1228 2091 Eurip.
1259 2039 1408 2079 Phoen.
1443 2037 1534 2077 136.
1578 2038 1718 2088 (134.)

190 2112 512 2152 emendationem
541 2113 801 2152 monstravit:
836 2111 892 2160 ὦς
929 2110 1094 2164 ἔχοντος
1126 2111 1258 2152 αὐτοῦ
1301 2109 1390 2152 ἐπὶ
1425 2111 1499 2164 τῆς
1538 2108 1716 2158 ἀσπίδος

190 2188 266 2224 etc.
325 2184 482 2224 Deinde
510 2184 725 2236 ingeniosa
743 2184 827 2224 Viri
856 2184 1022 2224 illustris
1044 2185 1278 2224 coniectura
1309 2188 1384 2234 est,
1412 2193 1495 2222 non
1519 2182 1569 2222 de
1589 2182 1715 2235 Tydei

191 2267 314 2307 agere
348 2255 489 2307 clypeo
522 2255 827 2306 Callimachum,
862 2256 936 2296 sed
980 2256 1030 2295 de
1071 2255 1211 2308 clypeo
1242 2254 1428 2295 Aetolico
1469 2255 1511 2294 in
1547 2254 1716 2294 univcr-

191 2338 300 2368 sum:
330 2317 505 2368 fortasse
531 2340 743 2370 commune
768 2328 925 2369 Aetolis
955 2329 1114 2381 insigne
1147 2328 1276 2381 clypei
1305 2339 1445 2379 aprum
1474 2327 1613 2368 fuisse.

302 2469 430 2509 Divisi
459 2472 664 2511 materiam
694 2483 852 2512 omnem
883 2473 923 2512 in
955 2471 1083 2523 capita
1117 2471 1274 2521 deceni,
1306 2471 1448 2523 quihus
1480 2469 1714 2520 inscriptio-

191 2553 265 2581 nes
301 2552 383 2581 non
422 2542 526 2581 male
568 2544 812 2583 convenient
843 2543 945 2583 hae:
986 2543 1268 2590 Prooemium,
1306 2541 1489 2590 Taurus,
1527 2541 1715 2591 Theseus,

191 2611 354 2666 Heca-le,
384 2611 629 2665 Hospitium,
659 2612 919 2666 Episodt'um,
949 2612 1109 2662 Fletus,
1141 2613 1306 2667 Puqna,
1337 2614 1533 2666 Sacrum,
1562 2613 1712 2654 Funus.
