1856 3126
714 142 1018 180 —227—

100 257 296 308 Agathias
326 257 516 299 LXXXII.
553 258 623 307 (Α.
647 258 723 298 Pal.
751 260 792 299 T.
814 259 841 299 Ι.
862 271 899 312 p.
917 258 1035 308 493.)
1054 260 1092 300 8.
1130 258 1634 311 ΖΙἸυψοπιόις·ἐνναέταις

96 332 218 372 Paull.
249 332 315 372 Sil.
346 331 427 371 LX.
460 331 530 378 (Α.
561 330 638 369 Pal.
672 331 717 370 ll.
752 344 786 383 p.
806 331 925 381 660.)
958 332 997 371 8.
1054 331 1104 370 Et
1135 331 1237 383 apud
1269 335 1470 370 amatores
1498 330 1634 370 nomi-

97 416 189 443 num
221 403 508 454 exquisitorum
541 407 682 454 poetas
714 404 862 443 latinos
893 403 1000 443 haud
1033 414 1140 443 raro.
1210 403 1263 442 At
1305 402 1356 441 de
1387 401 1631 455 Fragmento

97 475 342 516 CCCLXVII.
373 485 450 526 quo
483 474 548 525 qui
579 474 668 513 aliis
701 475 835 527 δῆμος
866 476 940 527 τῆς
967 475 1199 523 Λεοντίδος
1233 474 1372 528 φυλῆς
1403 474 1489 522 suit,
1516 473 1633 516 Ἀλι-

93 548 214 598 μοῦς,
244 544 485 586 Callimacho
515 540 635 592 πόλις
664 546 789 586 fuisse
821 547 990 586 traditur
1024 546 1118 598 quid
1150 547 1332 597 sentiam,
1360 546 1536 586 breviter
1564 547 1631 586 in-

97 619 270 658 dicatum
301 623 362 657 est
391 630 429 670 p.
464 618 555 657 187.
617 618 695 657 Cur
725 624 856 658 autem
890 619 1057 658 sentiam
1077 649 1088 669 ,
1133 619 1211 658 hoc
1239 623 1328 668 est,
1367 618 1474 671 quod
1507 619 1632 659 verba

96 689 313 742 Stephani,
347 687 631 741 Καλλίμαχος
664 690 709 729 δὲ
739 690 862 730 πόλιν
906 689 1086 743 ἡγεῖται,
1121 692 1248 744 magis
1279 691 1531 743 grammatici
1580 689 1630 729 (le

95 773 140 801 re
173 761 452 814 geographica
495 763 804 814 disputationem
850 774 966 814 quam
1007 763 1252 803 mentionem
1293 763 1482 802 carminis
1523 762 1632 814 loqui

99 834 296 874 videntur.

205 907 295 947 Non
323 917 431 959 nego
464 906 540 946 alia
578 906 618 945 in
649 906 899 959 Fragmentis
931 906 1162 947 Callimachi
1199 907 1326 947 latere
1368 906 1420 945 ad
1453 904 1631 945 Hecalen

94 978 360 1030 pertinentia,
390 983 430 1018 et
456 978 671 1018 referenda
704 978 921 1030 aliquando
951 978 1000 1018 ad
1034 978 1234 1030 Hecaten,
1266 980 1301 1019 si
1332 980 1439 1020 bona
1471 980 1632 1019 fortuna

96 1051 283 1100 voluerit,
314 1053 434 1090 certis
463 1051 728 1101 testimoniiS,
759 1050 1055 1103 mythologica,
1085 1051 1305 1102 historica,
1336 1051 1630 1104 geographica.

99 1123 196 1170 Quis
226 1123 413 1162 metiatur
443 1123 590 1172 animo,
623 1121 852 1174 quae'data
885 1122 1180 1174 opportunitate
1215 1123 1347 1163 obiter
1378 1134 1632 1163 commemo-

93 1206 186 1234 rare
215 1195 389 1246 potuerit
418 1199 538 1246 poeta
570 1195 735 1234 onmia?
791 1195 916 1235 Nobis
945 1196 984 1234 in
1015 1195 1063 1234 iis
1096 1195 1397 1235 consistendum
1419 1195 1503 1246 fuit,
1528 1205 1630 1247 quae

95 1279 147 1306 ex
180 1267 328 1307 Hecale
361 1279 452 1306 esse
486 1271 552 1306 aut
580 1267 674 1306 boni
709 1271 834 1307 testes
865 1272 1073 1318 testantur,
1111 1271 1177 1306 aut
1210 1268 1407 1308 internum
1431 1266 1633 1319 quoddam

97 1338 288 1379 indicium
318 1339 549 1391 persuadet.
608 1338 651 1377 In
686 1339 829 1394 quibus
853 1339 999 1379 nullum
1029 1339 1228 1379 eiusmodi
1251 1339 1444 1379 indicium
1472 1344 1545 1390 est,
1567 1344 1634 1380 aut

93 1410 239 1450 nullum
281 1411 544 1452 imbecillitati
587 1412 792 1452 oculorum
832 1417 1062 1452 nostrorum
1098 1413 1346 1465 comparuit,
1379 1411 1634 1452 excludenda

96 1487 224 1522 erant.
285 1484 345 1523 De
376 1483 438 1523 his
472 1496 578 1524 nunc
617 1485 784 1537 loquor,
824 1495 926 1536 quae
957 1489 1049 1525 sunt
1091 1485 1390 1538 mythologica,
1420 1485 1631 1534 historica,

92 1554 382 1608 geographica.
451 1557 550 1596 Nam
600 1557 677 1597 alia
720 1557 899 1597 dictione
945 1558 1250 1609 memorabilia,
1295 1563 1414 1610 atque
1458 1558 1536 1598 hac
1581 1557 1631 1597 de

97 1639 242 1667 caussa
284 1628 443 1668 laudata
485 1631 785 1682 grammaticis,
819 1631 982 1683 saepius
1024 1631 1208 1671 inserere
1252 1642 1373 1671 ausus
1415 1643 1503 1672 sum
1543 1631 1631 1671 sola

96 1702 331 1741 coniectura
363 1700 521 1753 ductus,
551 1702 619 1742 ubi
652 1707 744 1755 apta
775 1708 1026 1756 argumento,
1058 1705 1165 1756 quod
1198 1704 1292 1744 mihi
1324 1705 1630 1755 obversabatur,

95 1775 297 1825 carminis,
327 1775 575 1828 singulisque
604 1776 706 1817 locis
738 1776 934 1820 viderem.
994 1776 1079 1816 Etsi
1110 1789 1270 1829 semper
1299 1778 1425 1826 sensi,
1459 1783 1497 1817 et
1530 1781 1627 1819 satis

93 1847 320 1900 significavi
349 1847 512 1899 ubique,
546 1848 612 1899 qui
643 1848 918 1888 coniecturam
950 1849 1149 1888 eiusmodi
1181 1849 1316 1899 saciat,
1348 1849 1516 1889 similem
1537 1861 1629 1890 esse

92 1919 260 1958 tesseris
292 1919 458 1969 ludenti,
490 1931 566 1971 quo
598 1920 637 1960 in
672 1919 765 1959 ludo
798 1931 908 1972 spem
941 1921 1037 1960 boni
1067 1926 1235 1961 eventus
1267 1921 1352 1961 sere
1383 1926 1528 1974 aequat
1559 1934 1630 1962 er—

93 1978 199 2030 roris
228 1990 440 2042 damnique
472 1992 702 2042 periculum.
764 1992 879 2039 Quod
908 1992 942 2031 si
974 1993 1060 2044 quis
1090 1992 1195 2032 idem
1219 1993 1432 2033 dicendum
1460 2006 1552 2035 esse
1577 1995 1628 2035 de

93 2062 330 2115 fragmentis
361 2062 463 2111 aliis,
493 2063 531 2101 in
565 2064 706 2116 quibus
739 2069 846 2103 certa
874 2064 1181 2116 deprehendere
1214 2065 1361 2105 iudicia
1393 2065 1487 2106 mihi
1519 2067 1627 2107 visus

91 2147 192 2185 sum,
227 2140 266 2175 et
293 2147 394 2188 quae
427 2135 676 2174 confidenter
705 2136 788 2175 suis
818 2137 1022 2189 assignavi
1052 2137 1168 2187 locis,
1196 2137 1470 2177 contenderit:
1502 2139 1626 2179 veluti

91 2208 126 2248 si
157 2209 244 2260 quis
275 2208 540 2258 Glaucopimn
573 2208 697 2248 fuisse
728 2209 886 2261 quidem
917 2210 955 2248 in
987 2210 1161 2259 Hecale,
1195 2210 1268 2249 sed
1309 2222 1385 2262 qua
1428 2211 1467 2248 in
1512 2215 1625 2262 parte

92 2279 224 2329 suerit,
254 2285 294 2320 et
322 2281 362 2320 in
394 2293 472 2333 quo
504 2280 791 2320 sententiarum
815 2292 936 2331 nexu,
967 2280 1046 2320 dici
1074 2292 1153 2320 non
1177 2292 1298 2332 posse
1327 2280 1509 2320 obiiciat:
1544 2292 1622 2333 ego

90 2360 143 2388 ne
170 2349 248 2388 hoc
282 2350 440 2401 quidem
470 2363 590 2404 nego.
650 2351 867 2390 Enimvero
894 2351 993 2390 satis
1028 2353 1267 2401 curavimus,
1299 2353 1340 2391 ni
1370 2352 1513 2403 fallor,
1544 2357 1624 2393 tum

90 2421 252 2460 insertis
283 2421 348 2460 hie
375 2421 455 2462 illic
487 2423 851 2473 admonitionibus,
885 2427 964 2462 tum
999 2423 1137 2463 colore
1169 2430 1288 2476 atque
1331 2423 1466 2464 habitu
1499 2426 1620 2465 totius

92 2492 370 2544 disputationis
399 2499 585 2545 nostrae,
617 2499 657 2534 ut
685 2495 1005 2546 significaremus
1036 2494 1115 2534 hoc
1159 2495 1345 2547 quicquid
1378 2498 1511 2536 conati
1546 2509 1619 2537 su·-

89 2576 174 2604 mus
205 2565 243 2604 in
276 2564 439 2616 Hecale,
468 2579 653 2620 magnam
681 2571 834 2619 partem
868 2568 906 2606 in
940 2567 1218 2618 probabilitate
1249 2569 1427 2618 versari3
1462 2569 1617 2620 proba-

88 2636 250 2676 bilitatis
281 2642 410 2676 autem
452 2640 564 2689 quasi
606 2639 798 2690 quosdam
838 2639 989 2692 gradus
1033 2650 1145 2679 esse:
1189 2645 1231 2679 ut
1271 2640 1378 2692 quod
1423 2653 1615 2681 summum

89 2709 381 2760 probabilitatis
413 2710 580 2762 gradum
615 2710 772 2761 habeat,
802 2711 843 2750 id
866 2723 938 2763 pro
968 2711 1242 2751 demonstrato
1263 2716 1381 2764 atque
1406 2712 1614 2765 explorato

89 2780 229 2821 baberi
260 2783 408 2833 possit,
440 2781 570 2821 donec
602 2782 706 2821 aliud
735 2784 852 2822 ctiam
884 2784 1012 2835 magis
1046 2784 1253 2835 probabile
1290 2786 1492 2824 inventum
1523 2785 1616 2825 fue-

88 2852 148 2891 rit.
209 2852 253 2892 E.
288 2866 328 2907 g.
361 2854 410 2893 de
441 2853 702 2909 Ttavncom‘rp
741 2866 858 2894 uuum
900 2860 1049 2895 certum
1085 2859 1145 2895 est
1178 2856 1326 2896 idoneo
1371 2858 1615 2907 testimonio,
