1856 3126
781 132 1080 170 -204-

172 246 431 297 μετοικῆσαι.
492 244 718 286 Comiminis
748 248 894 288 Lexieo
933 248 1044 289 Rhet.
1076 247 1247 288 Bekkeri
1277 247 1430 288 Anecd.
1463 248 1490 287 l.
1521 260 1555 300 p.
1589 247 1683 296 299,

175 317 237 357 16.
267 329 354 357 cum
385 317 662 371 Etymologico
692 319 740 359 Μ.
772 333 808 372 p.
840 320 936 370 659,
973 321 1035 359 1‘2.
1066 320 1172 368 λέξις
1204 322 1287 357 est:
1319 315 1606 369 Πελαργικόν·
1636 314 1681 356 τὸ

171 387 251 428 ὑπὸ
288 388 515 443 Τυρρηνῶν
546 394 884 433 κατασκευασθὲν
912 398 1074 444 τεῖχος,
1108 388 1182 437 οὕς
1213 386 1468 439 θεασάμενοι
1500 386 1570 429 διὰ
1610 388 1691 436 τὰς

168 459 380 513 σινδόνας,
409 456 458 509 ἃς
488 460 686 515 ἐφόρουν,
717 462 948 516 πελαργοὺς
969 459 1208 513 ὠνόμασαν.
1237 462 1275 501 in
1300 461 1602 514 Etymologico:
1630 487 1683 494 -—-

169 534 442 587 κατασκαφὲν
475 539 636 586 τεῖχος·
672 532 746 583 οὒς
774 533 845 576 καί
869 533 1127 586 θεασάμενοι
1158 535 1264 582 τινὲς
1292 533 1543 586 Πελαργοὺς
1575 528 1685 572 ὦνό-

168 619 311 654 μασαν
341 602 411 644 διὰ
444 603 518 652 τας
546 606 738 656 σινδόνας
766 606 816 655 ἂς
848 607 1043 662 ἐφόρουν.
1101 607 1188 646 Νοη
1218 609 1337 657 τινές,
1369 605 1560 655 nonrmlli,
1588 598 1686 657 sup-

170 674 369 726 plendum,
398 677 431 716 si
461 681 570 717 reete
603 678 735 729 video,
766 679 838 719 sed
867 679 1143 730 Athenienses,
1175 692 1226 719 ex
1247 679 1398 728 photio,
1433 678 1497 730 qui
1529 677 1685 730 plenius

169 747 243 786 ila:
279 749 556 800 Πελαργικόν·
586 748 630 789 τὸ
665 746 744 789 ὑπὸ
776 753 856 791 τῶν
883 750 1097 803 τυράννων
1126 749 1401 804 (Τυῤῥηνῶν)
1425 764 1685 790 κατασκευα-

169 820 271 858 σθὲν
297 821 368 871 τῆς
399 819 660 872 ἀκροπόλεως
688 828 848 875 τεῖχος·
877 823 1052 871 τούτους
1080 823 1160 876 γάρ
1191 823 1392 875 κληθῆναι
1423 818 1687 872 Πελαργοὺς,

170 884 256 929 οἷον
287 889 548 944 Πελασγούς,
578 892 634 941 ὥς
667 895 876 946 πλανήτας
896 909 1032 941 τινας·
1065 890 1091 947 ἢ
1119 891 1181 935 ὅτι
1213 892 1367 941 ἰδόντες
1400 890 1552 939 αότοιῖς
1572 893 1685 944 πρῶ·

171 976 242 1002 τον
277 960 313 1002 οἱ
343 961 570 1017 Ἀθηναῖοι
602 965 798 1012 σινδόνας
827 965 1023 1016 λαμπράς
1051 967 1440 1017 περιβεβλημένους,
1467 968 1687 1016 πελαργοῖς

171 1031 357 1078 εἴκασαν.
416 1039 570 1087 τειχίον
599 1037 678 1077 dici
709 1037 757 1077 ab
788 1037 989 1090 llesychio
1019 1038 1224 1076 annotavit
1245 1036 1441 1075 llliillerus.
1500 1034 1687 1074 Callima-

174 1106 250 1145 cho
274 1110 399 1146 utrum
432 1109 628 1159 τείχισμα
661 1110 746 1160 ipse
778 1121 910 1148 murus
945 1109 1024 1160 ille,
1054 1121 1102 1148 an
1134 1110 1184 1148 sit
1213 1109 1252 1148 in
1281 1109 1508 1148 universum
1539 1105 1687 1145 munita

174 1190 286 1218 muro
315 1191 401 1229 arx,
432 1179 624 1219 incertum
656 1183 737 1218 est:
769 1179 806 1219 id
839 1183 1001 1229 certum,
1029 1181 1063 1219 si
1093 1179 1249 1231 quidem
1281 1178 1346 1218 illa
1377 1181 1486 1217 recte
1515 1177 1688 1216 coniun-

174 1251 329 1301 ximus,
363 1263 384 1290 a
421 1263 531 1291 muro
565 1263 597 1291 s.
642 1252 883 1291 munimento
915 1251 1120 1303 Pelargico
1164 1252 1350 1304 distingui
1389 1254 1540 1302 partem
1582 1249 1688 1289 areis

180 1336 397 1373 summam,
424 1335 538 1375 quam
568 1324 745 1364 Minerva
773 1328 904 1375 tenet,
935 1325 1203 1377 Glaueopium.
1261 1324 1319 1364 Ne
1355 1324 1440 1375 quis
1485 1323 1588 1363 sorte
1633 1323 1688 1362 ita

174 1395 417 1447 iungendum
449 1397 648 1447 opinetur:
684 1391 707 1448 ἦ
741 1399 776 1436 τ’
805 1390 934 1449 ἄκρης
961 1399 1057 1436 θῖνα
1090 1395 1364 1437 Γλαυκώπιον
1395 1395 1486 1444 ἵζει,
1525 1397 1688 1447 Τυρση-

174 1469 254 1506 νῶν
286 1471 482 1519 τείχισμα
515 1468 791 1521 Πελαργικόν.
850 1469 935 1509 lloe
965 1470 1162 1508 neminem
1191 1468 1308 1518 latet,
1348 1479 1461 1520 quam
1501 1470 1618 1517 apte,
1649 1470 1689 1504 ct

178 1551 293 1592 quam
322 1553 372 1580 ex
401 1553 444 1580 re
476 1546 632 1593 poetae,
661 1542 932 1593 antiquissima
962 1554 1141 1594 quaeque
1164 1541 1323 1581 nomina
1355 1539 1555 1591 multoque
1584 1543 1688 1577 tem-

177 1625 277 1665 pore
308 1613 605 1663 obscurissima,
638 1613 876 1665 Tyrrhenos,
907 1613 1168 1666 Pelaryc'cum,
1199 1611 1481 1662 Glaucope'wn,
1511 1609 1691 1650 cumule-

181 1697 266 1724 mus
298 1697 376 1725 uno
411 1687 450 1725 in
478 1686 585 1725 loco.
646 1686 854 1726 Delectant
885 1686 1091 1726 recondita
1122 1686 1284 1737 quaevis
1321 1682 1620 1732 Callimachum,
1653 1686 1692 1722 et

181 1757 246 1797 hie
276 1758 432 1810 quidem
464 1759 686 1797 rectissime
720 1770 814 1798 usus
845 1771 936 1798 esse
959 1759 1099 1798 talibus
1128 1757 1370 1806 censebitur,
1402 1759 1443 1795 ut
1464 1756 1502 1794 in
1523 1754 1691 1794 historia

181 1830 337 1870 Thesei.
395 1832 507 1871 Nunc
541 1830 590 1869 de
622 1831 796 1884 Pel-argis
816 1831 1028 1883 Tyrrhenis
1048 1831 1206 1882 scripsit
1229 1828 1473 1869 Fritzsehius
1496 1828 1533 1866 in
1555 1826 1692 1874 Quae-

183 1903 381 1943 stionibus
411 1903 739 1957 Aristophaneis,
772 1906 836 1944 ubi
868 1918 903 1957 p.
933 1904 1000 1945 40.
1034 1916 1091 1956 sq.
1139 1902 1187 1942 de
1220 1901 1472 1942 Bachmanno
1505 1900 1693 1952 scriptum

183 1981 271 2027 est,
312 1978 376 2029 qui
413 1978 689 2030 Fragmentum
723 1976 994 2016 CCLXXXIlI.
1042 1976 1091 2016 ad
1136 1975 1310 2015 Hecalen
1350 1974 1491 2013 lubens
1533 1972 1692 2012 reserat.

185 2050 422 2100 Quaeritur,
458 2061 535 2101 quo
567 2049 630 2088 ille
660 2061 781 2088 sensu
811 2049 1030 2101 modoque:
1068 2053 1107 2088 et
1139 2047 1346 2101 gaudebo,
1377 2048 1410 2086 si
1439 2044 1692 2085 Bachmanno

184 2120 286 2160 haec
321 2133 407 2161 mea
441 2121 671 2173 placuerint.
737 2123 795 2162 Dc
825 2122 1061 2174 Fragmento
1092 2118 1367 2160 CCCCLXXV.
1407 2117 1546 2157 Blomf.
1587 2114 1693 2167 quod

185 2193 287 2232 idem
324 2193 613 2243 Baclnnannus,
642 2197 683 2232 ut
712 2197 845 2232 narrat
874 2191 1126 2242 Fritzschius,
1158 2196 1196 2230 et
1226 2188 1465 2229 Callimacho
1496 2187 1627 2226 tribuit
1655 2189 1695 2225 et

186 2265 309 2304 rel'ert
342 2264 391 2304 ad
424 2265 613 2315 Hecalen,
641 2264 886 2306 Blomfieldio
908 2267 1136 2317 praeeunte,
1164 2274 1241 2315 ego
1266 2273 1392 2301 meam
1413 2260 1695 2300 dubitationem

187 2341 325 2390 postca
358 2337 545 2389 aperiam.

295 2407 518 2448 Adventum
549 2409 691 2449 Thesei
730 2410 769 2448 in
803 2408 961 2458 urbem,
999 2412 1037 2446 ct
1068 2417 1169 2460 quae
1209 2405 1358 2457 reliqua
1400 2401 1627 2444 Plutarchus
1659 2413 1694 2441 c.

191 2481 253 2520 12.
282 2486 322 2521 et
353 2481 412 2523 13.
444 2481 529 2521 sive
557 2493 607 2520 ex
635 2481 872 2521 Philochoro
905 2481 990 2519 sive
1020 2478 1175 2519 aliunde
1205 2481 1351 2527 narrat,
1377 2475 1544 2516 Medeae
1572 2485 1696 2514 cona-

188 2556 282 2603 tum,
316 2564 527 2603 venenum,
554 2550 796 2605 ᾰνεύρεσιν,
825 2551 1060 2592 Pallantidas
1090 2560 1215 2602 (quae
1247 2550 1348 2599 duo,
1384 2547 1534 2601 agnitio
1562 2550 1602 2586 et
1632 2550 1696 2586 tu-

188 2623 328 2664 multus
358 2625 672 2675 Pallantidarum,
706 2626 844 2664 neseio
877 2636 991 2676 quam
1021 2628 1222 2663 extremae
1250 2622 1458 2673 Odysseae
1490 2618 1612 2672 partis
1632 2617 1694 2656 si-

194 2695 447 2736 militudinem
486 2698 710 2748 referunt),
757 2703 882 2738 utrum
934 2695 1195 2736 Callimachus
1239 2694 1434 2747 attigerit3
1474 2689 1617 2731 deinde
1661 2687 1695 2727 si

193 2770 377 2820 attigerit,
405 2775 443 2809 ut
473 2783 571 2810 sane
601 2770 806 2823 probabile
839 2774 912 2820 est,
942 2769 1032 2821 quid
1055 2768 1207 2818 horum,
1238 2772 1277 2807 et
1305 2777 1382 2818 quo
1413 2764 1451 2803 in
1481 2761 1572 2801 loco
1603 2759 1695 2798 atti-

189 2839 304 2893 gerit,
333 2853 412 2881 non
448 2841 578 2893 liquet.
637 2844 763 2884 Potuit
795 2842 899 2894 illud,
929 2841 1034 2896 quod
1067 2839 1250 2894 quicquid
1280 2836 1395 2877 suerit
1425 2845 1506 2874 non
1535 2831 1695 2886 longum
