1856 3126
788 122 1093 160 ——157—

172 241 211 277 et
232 236 549 286 recentissimos,
579 247 659 275 non
690 237 778 277 sine
798 238 1104 291 significationis
1127 241 1336 292 varietate,
1370 239 1594 292 devenerit,
1626 240 1714 282 dis-

173 314 238 349 cat
266 309 332 361 qui
360 307 470 348 volet
498 309 547 347 ab
580 309 852 350 eruditissimo
883 311 1007 352 Hasio
1037 314 1076 352 in
1104 313 1222 353 Thes.
1241 313 1375 365 Steph.
1405 318 1444 353 et
1474 326 1526 354 ex
1552 314 1714 355 Antho-

170 381 303 434 logia:
337 381 376 419 in
409 391 485 432 qua
516 379 624 432 quod
657 382 817 432 scripsit
845 383 1041 435 Agathias
1069 384 1276 424 LXXVIII.
1304 387 1336 425 1.
1369 386 1488 426 Anth.
1512 387 1591 427 Pal.
1622 388 1662 427 T.
1682 387 1710 427 l.

169 465 207 505 p.
239 451 334 492 484.
355 446 518 500 ’Ἁβαλε
549 451 649 503 μηδ’
680 452 864 503 ἐγένοντο
891 451 1044 505 γάμοιε
1078 455 1289 495 conflatum
1322 462 1384 497 est
1417 470 1440 496 e
1470 457 1618 498 Callim.
1650 459 1713 501 Fr.

171 524 377 567 CCCCLV.
423 529 463 563 et
509 523 687 564 eiusdem
733 524 964 565 Callimachi
1003 526 1140 580 Epigr.
1173 528 1311 570 XVIII.
1348 533 1381 571 1.
1420 525 1576 586 Ὠφελε
1615 530 1717 584 μηδ’

170 598 354 650 ἐγένοντο
385 595 487 636 θοαί
516 596 616 642 νέες.
674 596 728 636 At
759 597 847 648 quis
878 597 1038 637 tandem

677 665 780 719 βάλε
811 684 884 721 μοι
915 669 1020 721 βάλε
1052 668 1098 709 τὸ
1133 674 1273 724 τρίτον
1305 671 1398 726 εἴη,

169 740 324 780 utinam
352 739 461 791 mihi,
491 740 644 779 utinam
673 740 726 779 sil
757 740 938 791 tertium,
974 746 1012 781 et
1052 754 1130 794 quo
1165 755 1287 783 sensu
1320 744 1451 783 dixit‘?
1508 745 1714 786 Proverbti

169 812 248 853 hoc
277 814 453 865 speciem
483 812 604 852 habet
636 811 686 851 de
720 813 824 852 trino
857 824 1024 853 numero
1057 814 1259 865 absoluto,
1291 815 1437 858 fausto,
1485 817 1549 855 An
1567 817 1717 856 Hecale

171 886 270 926 dixit
303 885 420 937 (Cap.
454 884 558 934 Vll.)
592 885 632 923 in
675 883 767 924 loco
802 884 853 924 de
883 885 1115 926 ominibus?
1175 888 1248 928 Ubi
1291 889 1424 928 bonae
1469 887 1623 928 mulieri
1654 890 1719 928 lu-

172 970 336 999 cernam
373 957 631 1007 observanti,
671 968 774 1008 quae
818 957 895 997 iam
929 957 990 997 bis
1023 963 1382 1000 sternutamentum
1416 960 1636 1012 edidisset,
1680 966 1720 1001 et

172 1031 424 1083 exspectanti
457 1031 639 1079 tertium,
673 1034 871 1082 tamquam
904 1030 1023 1070 fausti
1055 1033 1199 1072 ominis
1242 1034 1601 1087 complementum,
1636 1046 1718 1074 non

172 1102 276 1143 male
309 1102 570 1142 conveniret:
608 1100 712 1153 βάλε
745 1116 818 1153 μοι
849 1100 954 1153 βάλε
978 1100 1022 1143 τὸ
1056 1103 1200 1157 τοίτον
1231 1103 1308 1159 εἴη]
1367 1106 1524 1147 Marcus
1552 1108 1719 1160 Argen-

173 1176 320 1215 tarius:
345 1169 457 1226 ’Ἡὸη
488 1176 664 1227 (ρι’)τατε
696 1174 826 1226 λύχιε
858 1173 973 1228 τοὶς
1002 1172 1249 1230 {amose-1}
1278 1177 1386 1231 τάχα
1421 1179 1600 1232 τεοπνὴν
1659 1194 1720 1227 εις

173 1243 397 1296 θαλάμους
434 1243 545 1298 η’ξειν
574 1244 808 1299 Ἀιτιγόιην
836 1249 1065 1300 new-57⁸1?-
1125 1249 1204 1290 Sed
1244 1249 1322 1289 hoc
1370 1263 1448 1303 ego
1493 1253 1607 1304 quasi
1647 1264 1720 1306 per

173 1319 314 1358 lusum.
377 1317 515 1369 Neque
553 1316 801 1357 convelletur
840 1322 917 1358 tarn
951 1319 1030 1376 levi
1065 1322 1298 1361 coniectura
1339 1323 1446 1373 quod
1480 1335 1633 1376 nuper,
1679 1325 1719 1363 in

127 1378 131 1379 ⁷
173 1395 390 1431 retractata
421 1394 534 1442 parte
568 1389 717 1442 Capitis
747 1389 827 1430 Vll.
859 1402 923 1442 ea,
954 1404 1056 1444 quae
1082 1397 1143 1433 est
1174 1393 1224 1433 de
1256 1396 1471 1447 ominibus,
1503 1397 1632 1448 posui,
1666 1396 1717 1436 de

176 1464 308 1504 fausto
354 1466 670 1503 sternutamento
719 1460 818 1502 nihil
867 1463 1086 1504 indicatum
1128 1477 1220 1505 esse
1263 1467 1301 1506 in
1332 1467 1490 1521 Fragm.
1524 1467 1718 1508 XLVltr.

176 1538 277 1578 Sunt
309 1536 412 1576 aliae
445 1547 676 1575 sermonum
708 1536 952 1588 particulae,
985 1548 1087 1588 quae
1116 1538 1222 1578 unde
1255 1540 1358 1588 sint,
1399 1552 1518 1580 nemo
1547 1553 1721 1593 unquam

179 1608 427 1648 divinatione
454 1612 716 1660 assequetur,
750 1612 789 1647 at
819 1608 1038 1659 praebent,
1069 1613 1320 1662 quantumvis
1353 1614 1547 1662 minutae,
1582 1613 1723 1664 dispu-

178 1682 288 1723 tandi
321 1686 360 1721 et
391 1680 566 1721 docendi
594 1682 697 1720 scitu
728 1680 850 1734 digna
878 1682 1099 1722 materiam.
1161 1684 1209 1723 Ut
1237 1685 1343 1736 quod
1365 1685 1597 1725 Herodiano
1627 1683 1726 1738 περί

178 1751 326 1802 μονήρ.
357 1757 392 1793 λ.
424 1765 461 1805 p.
492 1753 529 1793 9.
563 1753 753 1792 debetur:
794 1776 848 1784 —-
879 1752 951 1792 καί
978 1752 1166 1793 καθόλου
1197 1755 1248 1794 τά
1291 1755 1360 1796 διὰ
1394 1760 1471 1797 τοῦ
1511 1760 1624 1811 ηδ’ων
1653 1760 1727 1798 καί

179 1831 304 1878 εὐων,
336 1824 416 1865 εἴτε
446 1822 644 1877 ἀρσενικὰ
679 1822 762 1865 εἴτε
793 1823 990 1879 θηλυκὰ,
1033 1823 1103 1866 διὰ
1137 1828 1212 1866 τοῦ
1234 1817 1283 1867 ἶ
1305 1826 1380 1881 τήν
1416 1830 1553 1870 κλίσιν
1598 1835 1720 1870 ποιεῖ.

179 1896 231 1938 τά
262 1897 344 1951 γὰρ
376 1896 491 1951 παρὰ
522 1898 581 1953 τῷ
610 1898 872 1953 Κυρηναίῳ,

461 1965 512 2007 τὰ
549 1968 594 2006 δὲ
627 1967 702 2008 νῦν
733 1967 888 2020 πολλὴν
917 1968 1141 2020 τυφεδῶια
1173 1971 1422 2023 λεσχαιίιεις,

181 2041 302 2080 ἕνεκα
342 2040 500 2093 μέτρου
539 2037 583 2080 τὸ
614 2028 662 2079 ἶσ-
688 2039 910 2093 ὲφύλαξεν.
969 2041 1044 2080 Ubi
1068 2052 1185 2092 quum
1216 2044 1450 2095 leolalrecg·
1479 2044 1585 2085 haud
1615 2046 1722 2086 indi-

181 2124 302 2166 gnum
338 2112 415 2152 hoc
439 2117 556 2164 poeta
589 2111 843 2163 vocabulum,
874 2113 939 2152 cui
970 2113 1172 2166 geminum
1203 2114 1427 2167 λεσχάζειν
1457 2117 1561 2168 apud
1590 2118 1726 2159 Theo-

182 2186 359 2239 gnidcm,
390 2189 428 2224 et
464 2196 582 2236 quum
614 2183 793 2224 umbram
815 2184 927 2235 quasi
952 2185 1190 2234 sententiae,
1218 2198 1326 2225 nunc
1347 2188 1510 2227 multum
1528 2200 1724 2240 vaporem

183 2271 215 2298 s.
242 2259 396 2311 sumum
422 2257 640 2311 fabularis,
670 2262 709 2297 et
738 2257 853 2296 metri
893 2259 1069 2310 speciem
1098 2257 1268 2308 heroici,
1301 2256 1349 2297 ui
1386 2259 1431 2297 δὲ
1464 2261 1540 2298 νῦν
1569 2259 1726 2314 πολλήν

183 2330 408 2383 τυφεδῶιά
434 2333 439 2380 Ι
468 2329 727 2382 λεσχαίνεις,
760 2330 944 2369 videam:
974 2342 1052 2383 ego
1086 2330 1189 2370 hanc
1221 2332 1393 2371 maxime
1423 2332 1600 2383 speciem
1634 2345 1724 2373 me-

186 2402 236 2440 tri
266 2400 449 2441 fallacem
480 2413 573 2442 esse
608 2402 793 2442 arbitror.
867 2402 1131 2443 Callimachus
1159 2403 1226 2442 ubi
1259 2413 1417 2442 versum
1450 2402 1724 2446 hexametrum

187 2473 387 2513 vocabulo
417 2475 622 2514 concludit
652 2475 931 2528 tetrasyllabo,
963 2476 1137 2516 ionicum
1171 2476 1345 2516 faciente
1375 2475 1486 2526 (vel,
1518 2478 1625 2528 quod
1654 2491 1726 2519 ra-
1768 2521 1770 2523 ,

187 2556 296 2594 rum,
326 2545 527 2585 molosso:
559 2545 597 2584 h.
630 2545 714 2588 Iov,
748 2547 837 2596 41.)
871 2545 1085 2598 diligenter
1122 2556 1262 2596 curat,
1293 2552 1334 2586 ut
1365 2548 1471 2598 quod
1516 2552 1727 2600 praecedit

187 2617 448 2664 vocabulum,
476 2620 543 2656 aut
570 2615 886 2668 monosyllabum
921 2617 993 2665 sit,
1026 2622 1092 2656 aut
1121 2618 1290 2668 spondei
1323 2630 1548 2659 mensuram
1578 2625 1621 2660 ut
1649 2634 1726 2662 ex-

192 2688 333 2738 cedat,
366 2692 405 2726 et
438 2688 489 2726 sit
517 2686 763 2738 trisyllabum
798 2685 1064 2737 (molossus),
1090 2688 1377 2740 tetrasyllabon
1408 2690 1726 2748 (choriambus),

193 2759 256 2799 vel
289 2761 424 2808 etiam,
456 2758 561 2810 quod
596 2770 718 2810 saepe
749 2758 813 2809 fit,
847 2758 1019 2811 longius.
1079 2759 1128 2798 Et
1156 2772 1255 2800 sane
1285 2762 1338 2802 ita
1378 2763 1500 2804 multo
1533 2765 1726 2809 laetiores

195 2832 290 2873 siunt
332 2833 487 2873 numeri
536 2843 653 2886 quam
701 2831 971 2884 praecedente
1023 2832 1219 2884 disyllabo
1261 2835 1458 2887 spondeo.
1530 2837 1575 2877 Id
1613 2838 1726 2880 latini
