1856 3126
776 95 1083 134 —183—

160 218 201 258 in
247 227 386 269 agrum
431 211 709 266 penetravisse
749 211 1007 251 Eleusinium.
1093 209 1149 249 lbi
1190 206 1317 258 Iapis.
1369 203 1593 256 Stephanus
1624 203 1697 241 ita:

155 289 323 339 Ἰαπίς,
349 283 551 340 χαράδρα
580 281 749 336 Ἀττικὴ
781 283 840 331 εἰς
869 283 1044 336 Μέγαρα
1075 278 1319 334 ἀπάγουσα,
1364 276 1422 325 ὠς
1467 276 1698 324 Καλλίμα-

158 375 236 414 χος
255 358 417 413 Ἑκάλῃ.
453 356 521 397 ubi
551 360 630 396 tarn
658 368 790 396 rarum
820 367 967 397 nomen
998 354 1104 394 felici
1136 353 1369 393 coniectura
1400 350 1448 389 A.
1479 347 1700 395 Berkelius,

159 430 189 470 1.
223 428 450 470 Gronovius
499 439 536 478 p.
581 426 674 466 798.
720 425 783 466 ed.
832 425 966 465 Pined.
1009 429 1047 464 et
1095 424 1297 476 aliquante
1341 421 1495 474 plenius
1536 421 1576 459 in
1633 418 1697 457 ed.

159 500 316 540 Berkel.
350 498 532 551 Append.
564 511 600 550 p.
637 499 701 538 17.
735 511 768 537 a.
800 498 973 549 itemque
1004 496 1253 544 Holstenius‚
1292 507 1313 533 e
1342 493 1543 544 Stephano
1576 490 1699 530 resti-

158 576 318 613 tuerunt
362 571 522 623 Scylaci
573 570 676 609 binis
720 570 843 609 locis:
903 569 1171 619 Παράπλους
1221 568 1266 606 δὲ
1330 566 1403 617 τῆς
1459 561 1697 615 ΖΗεγυῖρεων

157 641 302 696 χώρας
339 642 469 694 μέχρι
513 642 718 691 ’[απίὸος,
770 641 862 680 ἐστι’
911 640 990 692 γάρ
1041 631 1163 683 οἶτος
1211 636 1308 689 ὅρος
1355 637 1429 689 τῆς
1458 634 1699 687 Ἀθηναίων

156 714 315 767 χώρας,
346 712 508 754 στάδιοι
540 710 621 765 ρμ’.
646 717 684 752 et
714 712 845 764 paullo
878 716 967 764 post
995 712 1033 750 iu
1068 711 1340 763 descriptione
1372 709 1552 748 Atticae:
1577 699 1693 745 ’Anci

156 785 344 831 ’lam'd‘og
370 784 516 837 χώρας
546 784 614 825 ἐπὶ
643 783 819 824 Σούνιον
854 783 1010 823 στάδια
1041 808 1095 813 ———
1128 782 1339 833 utrobique
1369 780 1487 833 vulgo
1508 773 1698 824 '‘Anidog

157 857 314 910 legitur.
372 856 496 896 Recte
528 855 606 895 hoc
662 866 821 907 quoque
866 854 1119 903 Gronovius,
1166 853 1271 906 quod
1313 864 1428 904 quam
1471 847 1698 902 χαράδραν

157 929 410 982 Stephanus,
460 927 631 967 eandem
660 928 869 980 Scylacem
911 927 1089 979 potuisse
1130 926 1278 978 χώραν
1318 935 1468 964 vocare
1512 920 1699 961 animad-

157 1003 289 1042 vertit.
347 1001 442 1041 Tum
474 1001 578 1040 haec
611 1012 713 1053 quae
746 999 979 1039 tradidimus
1000 1011 1022 1038 e
1046 998 1249 1051 Stephano
1282 1002 1320 1037 et
1349 995 1540 1049 Scylace,
1576 992 1697 1032 l'acile

158 1075 425 1116 conciliantur
462 1086 550 1113 eum
583 1073 916 1112 determinatione
949 1072 1082 1111 finium
1129 1071 1287 1123 vulgari
1318 1069 1528 1111 Strabonis
1561 1066 1627 1106 lX.
1658 1077 1694 1116 p.

157 1148 254 1188 395.
285 1146 401 1197 (604.
436 1147 505 1194 D.)
537 1144 731 1185 Plutarchi
762 1144 950 1184 Themist.
982 1157 1017 1184 c.
1080 1144 1140 1183 13.
1175 1144 1241 1195 qui
1283 1143 1483 1182 montibus
1516 1139 1696 1187 duobus,

159 1222 337 1274 Κέρατα
362 1218 570 1270 appellant,
599 1217 859 1270 Megarenses
889 1216 1019 1256 dirimi
1051 1217 1100 1256 ab
1129 1216 1261 1256 Attica
1291 1215 1482 1255 scribunt.
1532 1210 1696 1253 Scilicet

155 1302 229 1343 per
269 1291 444 1343 Κέρατα
487 1290 587 1342 lapis
634 1289 804 1329 ducebat
847 1286 1064 1341 χαράδρα.
1123 1288 1207 1328 Nisi
1248 1288 1339 1327 viae
1386 1285 1545 1324 fuerunt
1577 1282 1694 1322 duae.

154 1362 272 1414 Apud
301 1362 535 1401 Pausaniam
566 1362 594 1401 I.
626 1361 691 1404 39.
723 1362 824 1400 fines
857 1373 937 1400 non
968 1360 1221 1400 determinati
1255 1359 1433 1407 diserte,
1482 1355 1556 1396 sed
1594 1366 1695 1406 pro-

151 1434 284 1474 ximae
318 1433 461 1473 finibus
493 1433 787 1486 Megarensium
819 1433 979 1485 regioni
1012 1433 1100 1485 agri
1130 1432 1278 1480 Attici,
1309 1434 1347 1469 et
1379 1428 1537 1481 quidem
1565 1426 1694 1466 Eleu-

151 1506 269 1557 sinii,
302 1506 529 1559 assignatur
547 1505 756 1557 Cei-cyon,
787 1505 877 1544 dum
901 1504 1002 1543 haec
1034 1504 1176 1543 ordine
1199 1499 1692 1542 enumeranturEleusine

149 1578 422 1631 proficiscenti
464 1589 607 1617 versus
644 1577 891 1631 Megaridem
939 1578 1083 1617 obvia:
1143 1578 1280 1630 φρέαρ
1324 1571 1526 1624 ”Ανθιον,
1580 1567 1694 1623 ἱερὸν

150 1650 445 1702 ΝΙεγαιέιρας,
494 1648 620 1704 τάφοι
661 1652 743 1689 τῶν
789 1650 831 1695 ἐς
880 1647 1038 1701 Θήβας,
1065 1646 1246 1701 Ἀλόπης
1291 1647 1534 1699 (Cercyonis
1567 1644 1692 1692 filiae]

147 1722 321 1774 μνῆμα,
372 1721 545 1776 denique
583 1722 719 1763 ultimo
759 1722 852 1762 loeo
896 1722 1115 1773 Cercyonis
1139 1721 1367 1772 palaestra.
1404 1720 1476 1759 καί
1505 1717 1526 1758 ὅ
1570 1714 1693 1764 τόπος

150 1786 275 1840 οὗτος
302 1793 542 1847 παλαίστρα
574 1795 646 1834 καί
673 1795 714 1841 ἐς
765 1793 841 1845 ἐμὲ
887 1793 1072 1833 ἐκαλεῖτο
1122 1793 1388 1843 Κερκύονος,
1438 1791 1577 1842 ὀλίγον
1619 1805 1692 1830 του

149 1863 287 1918 τάφου
317 1866 392 1917 τῆς
420 1863 602 1918 Ἀλόπης
641 1866 824 1918 ἀπέχων.
880 1865 940 1904 Eo
981 1865 1101 1918 igitur
1150 1865 1330 1905 Theseus
1370 1877 1414 1905 se
1456 1863 1692 1917 pervenisse

149 1948 224 1988 per
254 1936 431 1989 lapidem
461 1937 663 1979 narrabat.
723 1938 910 1989 Sequitur
940 1937 1098 1989 Fragm.
1131 1937 1297 1977 CXLllI.

978 2004 1024 2056 ὅς
1056 2004 1094 2063 ῥ’
1126 2006 1280 2062 ἔφυγεν
1311 2011 1391 2060 μὲν

433 2078 689 2133 Ἀρκαδίην,
721 2080 822 2133 ἡμῖν
852 2080 898 2120 δὲ
926 2078 1053 2128 κακὸς
1089 2080 1387 2133 παρενάσσατο
1419 2081 1579 2133 γείτων.

148 2149 359 2190 Praeclare
388 2150 672 2192 Ruhnkenius:
702 2153 767 2193 Hz'
816 2164 963 2193 versus
1010 2153 1065 2193 ad
1109 2153 1289 2193 Hecalen
1334 2153 1538 2205 referendi
1584 2156 1690 2202 sunt,

150 2221 215 2260 cm·
250 2221 425 2262 Theseus
455 2235 573 2263 suam
604 2237 692 2264 cum
722 2226 927 2277 Cercyone
965 2237 1145 2277 pugnam
1182 2226 1385 2266 narravit.
1444 2227 1568 2278 Epist.
1602 2225 1687 2264 crit.

148 2293 196 2332 ll.
229 2306 266 2345 p.
316 2295 408 2335 183.
468 2297 742 2349 Adstipulatur
782 2298 1072 2338 Boissonadius
1113 2311 1150 2350 p.
1192 2299 1284 2339 901.
1341 2298 1430 2339 Non
1478 2298 1690 2338 tacendum

149 2370 235 2416 est,
267 2364 366 2417 apta*
386 2367 505 2407 etiam
532 2369 707 2409 Hecalac
731 2370 855 2410 verba
885 2383 1000 2421 esse,
1034 2371 1101 2410 tali
1130 2371 1301 2423 quodam
1329 2383 1455 2411 nexu:
1488 2371 1582 2409 nori
1627 2375 1687 2421 te,

148 2436 329 2488 Theseu,
358 2438 445 2479 vel:
476 2440 604 2481 saluto
632 2446 669 2481 te
699 2442 893 2482 victorem
913 2455 960 2483 ac
985 2442 1207 2492 vindicem;
1241 2448 1282 2483 tu
1314 2443 1416 2483 enim
1437 2443 1685 2494 Cercyonem

147 2509 433 2561 perdomuisti‚
464 2511 585 2562 illum,
619 2508 662 2560 ὅς
696 2511 735 2567 ῥ’
764 2510 921 2567 ἔφυγεν
950 2519 1026 2554 etc.
1086 2515 1165 2556 Sed
1195 2516 1382 2567 praefero
1414 2517 1684 2555 narrationem

148 2581 293 2621 Thesei
325 2582 578 2633 continua1n3
613 2589 730 2637 atque
761 2587 929 2639 egregie
973 2585 1072 2639 ἡμῖν
1113 2587 1208 2627 dicit
1238 2588 1440 2638 Theseus,
1486 2589 1559 2627 etsi
1608 2592 1686 2627 tum

148 2653 332 2706 quidem,
366 2666 483 2706 quum
516 2656 837 2708 congrederetur
867 2671 954 2699 cuin
989 2659 1221 2712 Cercyone,
1254 2659 1428 2699 nondum
1470 2660 1569 2700 civis
1615 2661 1685 2700 suit

146 2725 324 2766 Atticus:
356 2730 395 2766 at
419 2739 524 2767 nunc
555 2732 641 2779 est,
671 2740 862 2782 suamque
887 2731 1029 2772 merito
1048 2733 1215 2784 patriam
1244 2731 1340 2772 l‘acit
1367 2732 1561 2784 Atticam,
1595 2733 1686 2775 dum

147 2800 283 2840 narrat
314 2803 408 2840 ante
437 2803 566 2853 gesta.
625 2798 920 2853 παρενάσσαιο
962 2803 1119 2846 usitate.
1178 2803 1438 2846 Memorabile
1479 2810 1539 2846 est
1579 2806 1688 2859 quod
