1820 3141
744 123 1016 161 ...15-

124 246 256 284 tamen
287 250 337 279 cx
364 241 480 290 poeta
510 241 691 288 vetusto,
722 240 756 277 is
790 239 894 279 haud
929 241 1047 281 ‹lubie
1080 241 1210 281 obiter
1249 245 1421 285 tantum..
1449 240 1638 293 breviter,

125 319 165 354 et
193 323 266 365 per
295 309 529 362 cpisodium,
561 310 747 362 attigerat
770 310 960 350 Ilecalen.
1020 312 1134 359 Quod
1158 313 1304 352 deinde
1328 312 1547 365 cpisodium
1574 314 1641 353 in-

122 385 293 439 geniose
323 381 598 434 amplificatum
621 385 934 433 exornatumquc
964 384 1150 423 carminis
1180 385 1346 424 materia
1376 386 1521 439 integri
1541 385 1641 425 Bat-

122 456 253 497 tiadae
283 455 366 494 fuit.
481 453 606 493 Unum
645 458 729 505 est,
763 455 801 493 in
843 466 921 506 quo
964 454 1124 494 differre
1155 456 1256 493 inter
1284 455 1564 497 Callimachum
1602 461 1643 496 ct

121 524 396 567 Philochorum
425 524 631 564 coniicias.
702 524 930 564 Plutarchus
953 522 1196 577 ζΕκαλίνηνε
1236 538 1326 567 nam
1364 530 1425 569 sie
1452 530 1641 569 seriben-

123 597 213 638 dum
245 597 398 646 censui,
429 606 525 645 non,
557 599 599 634 ut
626 595 761 648 vulgo,
787 593 1040 648 Ἓκαλήνηνε
1072 594 1216 634 dictam
1248 608 1339 637 esse
1357 599 1533 639 Hecalen
1565 600 1643 640 iam

121 673 316 710 mortuam
353 667 577 720 significat,
607 665 963 719 ὑποκοριστικῶς,
1000 665 1049 705 ab
1079 677 1153 716 eo,
1184 669 1290 719 quod
1330 670 1413 722 ipsa
1448 671 1644 712 Theseum

121 753 233 782 more
265 739 381 780 senili
410 739 664 780 salutavisset
693 743 733 779 et
768 737 942 778 blandita
972 742 1080 777 esset
1110 738 1265 778 Theseo
1297 741 1501 788 τοιούτοις
1530 740 1641 781 ὑπο-

120 815 348 865 κορισμοῖς.
405 811 515 851 Haec
545 812 649 851 enim
674 814 746 860 est,
779 809 886 863 quod
918 810 1049 850 obiter
1076 821 1236 860 moneo,
1270 811 1413 851 usitata
1434 812 1642 853 Plutarcho

120 883 359 937 significatio
389 882 501 922 verbi
537 884 915 937 φιλοφρονεῖσθαιε
947 887 989 921 ut
1017 881 1087 922 ins,
1122 894 1156 922 c.
1189 883 1253 922 2‘2.
1286 884 1643 937 φιλοφρονεῖσθαι

119 954 193 994 καί
219 956 454 1009 στεφανοῦν
482 952 626 995 αὐτόν.
684 954 835 994 Romul.
858 967 891 994 c.
914 955 948 994 1.
972 950 1240 1004 ἀσπάζεσθαι
1269 953 1342 993 καί
1371 956 1645 1008 φιλοφρονεῖ-

119 1027 223 1066 σθαι
254 1024 351 1074 τούς
384 1020 554 1078 ἄνδρας.
600 1030 638 1066 et
671 1026 764 1066 alibi
797 1024 1068 1081 φιλοφρόνως
1098 1023 1398 1078 ἀσπάσασθαι,
1429 1025 1642 1082 φιλοφρό-

119 1112 199 1145 νως
228 1098 444 1150 δέχεσθαι.
471 1110 548 1138 nec
578 1102 710 1138 tamen
743 1110 841 1150 opus
871 1099 910 1138 in
940 1099 1019 1138 hoe
1043 1102 1182 1138 nostro
1209 1098 1301 1138 loco
1323 1097 1476 1138 Reiskii
1494 1110 1638 1139 emen-

121 1168 282 1208 datione
313 1167 730 1224 φιλοφρονήσασθαι.
788 1170 868 1209 Iam
892 1171 994 1223 apud
1014 1169 1293 1211 Callimachum
1318 1170 1517 1210 eiusmodi
1538 1167 1643 1212 ὕπο-

120 1242 341 1293 κορισμιῦν,
375 1241 514 1292 quibus
544 1241 694 1280 Hecale
723 1253 795 1281 usa
829 1244 880 1281 sit
911 1255 999 1282 cum
1033 1242 1202 1295 Theseo,
1231 1243 1377 1283 nullum
1412 1244 1640 1296 vestigium,

121 1315 162 1351 ct
183 1311 288 1364 quod
310 1312 473 1364 gravius
500 1316 575 1361 est,
606 1312 640 1351 si
663 1317 773 1352 recte
801 1314 841 1352 in
867 1314 1144 1366 Fragmentum
1168 1314 1479 1354 CCCCXX1X÷÷.
1508 1314 1641 1356 ‘Ena-

119 1385 246 1436 λίνην,
275 1374 354 1435 vel,
386 1384 492 1437 quod
520 1385 616 1437 ipsis
645 1384 841 1436 placebat,
865 1381 1115 1425 Ἕκοίλινναν
1146 1386 1362 1426 intulerunt
1386 1385 1646 1427 Ruhnkenius

123 1454 174 1494 ad
206 1455 356 1496 Gallim.
396 1457 459 1497 Fr.
487 1457 567 1497 XL.
602 1469 639 1509 p.
667 1456 763 1497 430.
798 1462 837 1497 et
866 1458 1039 1497 maxime
1065 1458 1237 1510 Toupius
1270 1458 1362 1498 loco
1391 1459 1522 1510 paullo
1553 1464 1645 1500 ante

123 1526 297 1579 laudato,
314 1529 427 1581 sequi
441 1529 612 1579 videtur,
631 1529 736 1582 apud
755 1529 1034 1569 Callimachum
1047 1530 1225 1570 Hecalen
1242 1531 1454 1581 viventem,
1467 1535 1507 1570 et
1523 1532 1645 1571 multo

124 1604 335 1653 antequam
367 1601 418 1641 ad
449 1613 536 1641 eam
563 1601 742 1643 Theseus
775 1601 1002 1642 deverteret
1029 1606 1223 1654 tempore,
1254 1602 1400 1642 dictam
1422 1600 1646 1656 Ἑκαλίνην

122 1682 213 1711 esse
243 1669 585 1726 ὑποκοριστικῶς.
643 1673 787 1713 Verum
817 1685 891 1713 nos
921 1673 1070 1713 rectius
1092 1674 1141 1713 (le
1159 1674 1313 1727 Fragm.
1333 1674 1644 1715 CCCCXXIX‘k.

119 1743 381 1784 iudicabimus
411 1745 513 1785 infra
531 1746 623 1798 Cap.
643 1745 704 1786 lV.
737 1750 776 1785 et
804 1747 870 1795 ita,
898 1750 940 1785 ut
966 1746 1062 1786 nihil
1082 1746 1316 1799 discrepare
1347 1760 1370 1788 a
1398 1747 1640 1788 Philochoro

120 1815 399 1857 Callimachum
432 1821 634 1870 appareat.
743 1815 994 1871 Ἑκαλήσιον
1028 1820 1187 1860 retinui.
1237 1820 1389 1860 Coraes
1419 1824 1459 1860 et
1488 1820 1645 1861 Schae-

121 1887 229 1927 ferus
253 1887 496 1943 Ἑκαλήσια,
529 1889 635 1942 quod
662 1889 836 1930 fortasse
863 1903 1015 1942 verum,
1044 1896 1154 1932 certe
1182 1893 1311 1946 magis
1338 1893 1482 1934 usitate
1513 1897 1644 1933 sonat.

118 1959 170 2000 At
196 1960 396 2017 Ἔκαλείῳ
424 1963 511 2013 Διΐ,
541 1975 614 2015 pro
649 1963 755 2016 vulg.
784 1961 963 2020 Ἑκάλῳ,
998 1966 1248 2018 necessario,
1275 1977 1327 2006 ex
1358 1966 1644 2006 emendatione

119 2031 263 2072 dudum
296 2032 427 2074 faeta:
459 2036 744 2087 praeeuntibus
774 2036 977 2088 Hesychio
1007 2049 1045 2076 v,
1070 2033 1285 2084 Ἓκάλειος
1315 2035 1448 2092 Ζεύς,
1482 2042 1522 2078 et
1549 2036 1645 2077 Ste-

117 2104 248 2157 phano
279 2105 373 2158 Byz.
408 2119 445 2146 v.
474 2104 643 2160 Ἑκάλη.
757 2107 821 2148 Ad
852 2108 977 2148 verba
1013 2108 1210 2149 Plutarchi
1249 2113 1452 2162 postrema
1496 2110 1643 2150 admo-

117 2180 296 2227 veantur,
325 2189 427 2230 quae
458 2178 562 2218 idem
591 2179 820 2220 Plutarchus
851 2180 952 2220 infra
986 2194 1019 2220 c.
1050 2181 1116 2222 23.
1155 2183 1228 2222 καί
1254 2183 1328 2235 τῆς
1358 2181 1515 2229 θυσίας
1545 2183 1644 2223 ἐπε-

115 2250 318 2298 μελοῦντο
362 2251 627 2301 Φυταλίδαι,
672 2253 844 2305 Θησέως
885 2251 1116 2300 α’ποδόντος
1161 2253 1305 2300 αὐτοῖς
1347 2251 1531 2306 ἀμοιβὴν
1573 2254 1647 2305 τῆς

120 2322 369 2371 φιλοξενίας.
427 2322 719 2374 Phytalidarum
761 2324 1069 2376 hospitalitatem
1101 2325 1279 2365 Theseus
1312 2329 1500 2376 expertus
1541 2329 1643 2376 erat,

119 2399 234 2439 quum
259 2391 423 2441 primum
441 2392 622 2433 Athenas
639 2394 985 2446 proficiscebatur,
1015 2393 1119 2434 κατὰ
1140 2393 1211 2435 τὸν
1232 2393 1446 2450 Κηφισόν,
1470 2407 1556 2448 cap.
1578 2398 1642 2437 12.

227 2461 280 2500 At
314 2463 521 2505 reddenda
554 2467 672 2506 etiam
706 2479 850 2507 caussa
895 2471 978 2517 est,
1024 2479 1095 2506 cur
1130 2466 1352 2520 Ἑκαλίνην
1397 2468 1641 2520 scripserim.

115 2532 265 2584 Nempe
295 2546 412 2586 quum
438 2533 670 2591 εΕκαληίιην
699 2539 749 2578 sit
778 2540 818 2578 in
847 2539 957 2578 libris
986 2539 1208 2587 Plutarchi,
1237 2543 1348 2578 recte
1378 2540 1641 2582 Ruhnkenius

116 2603 139 2643 l.
162 2604 186 2644 1.
219 2605 268 2645 ad
302 2607 449 2647 Callim.
478 2609 538 2648 Fr.
559 2610 638 2649 XL.
671 2611 774 2651 hanc
804 2611 1019 2665 legitimam
1049 2624 1140 2651 esse
1175 2612 1434 2654 deminuendi
1468 2616 1641 2657 nominis

117 2676 283 2718 sormam
308 2686 443 2733 negat,
474 2686 513 2721 et
536 2680 785 2723 εΙῑῐκιὲλινναν
817 2688 894 2723 tam
925 2684 1025 2736 apud
1051 2683 1295 2724 Plutarchum
1331 2698 1448 2738 quam
1480 2687 1640 2742 inEty-

117 2749 266 2803 mologi
293 2751 385 2792 loco
417 2754 545 2793 statim
579 2754 823 2805 proferendo
856 2757 1107 2796 scribendum
1141 2757 1326 2808 coniicit3
1367 2759 1407 2798 in
1440 2772 1518 2812 quo
1561 2762 1639 2801 ad-

117 2820 362 2873 stipulantem
392 2825 581 2878 Toupium
610 2825 634 2865 l.
656 2825 682 2865 1.
704 2826 854 2867 habuit.
911 2827 999 2881 Ego
1031 2828 1192 2881 propius
1216 2829 1267 2869 ad
1301 2830 1500 2884 vulgatam
1534 2834 1638 2886 apud
