1856 3126
828 191 881 198 -
938 172 1019 209 2711
1077 191 1130 200 —

229 289 345 329 dubie
378 287 634 337 Callimacho,
663 291 703 326 ut
733 287 834 334 aliis,
862 289 1025 340 primum
1056 288 1176 326 l'uisse
1206 287 1383 327 llere-ulis
1414 286 1603 328 laborem.
1645 290 1730 328 Non

226 361 331 413 quod
378 361 537 400 labores
582 359 771 412 deinceps
820 372 960 400 omnes
1009 361 1332 412 pertractavcrit:
1377 360 1448 400 sed
1495 365 1736 412 pertractato

225 435 365 484 primo,
394 437 586 472 monstrat
618 445 640 471 e
673 432 890 485 longinquo
929 437 1124 472 caeteros.
1183 433 1249 474 Sic
1278 435 1316 472 in
1349 433 1426 472 sine
1455 432 1667 483 carminis,
1698 437 1737 472 et

226 508 399 545 fortasse
430 506 465 543 in
505 505 582 544 line
613 506 711 546 alius
742 505 945 545 cuiusdam
974 505 1129 546 Αἰτιόυ
1157 504 1294 554 fuerit,
1325 504 1430 556 quod
1460 505 1507 544 A.
1545 504 1668 544 Maius
1697 508 1736 544 et

226 576 484 615 Buttmannus
514 577 817 628 publicaverunt
849 577 1111 629 fragmentum
1141 575 1392 626 Callimachi,
1421 576 1459 616 in
1488 575 1620 617 Schol.
1649 575 1736 615 Ho-

227 660 324 688 mer.
357 648 430 687 Od.
461 647 524 687 Ill.
555 648 648 688 380.

615 717 741 759 ἵλαθί
756 733 828 770 μοι
856 715 1025 772 φάλαρί
1050 733 1093 758 τε
1124 714 1358 771 πυλημάχε.

226 791 283 831 Ex
317 791 462 844 hymno
497 790 725 831 Callimachi
764 792 801 831 in
841 791 1026 839 Martem,
1058 795 1099 829 ut
1140 791 1273 829 statuit
1310 790 1586 830 Buttmannus:
1630 790 1735 830 unde

226 867 438 916 φαλαρῖτα
470 864 645 913 coniicit,
678 863 822 903 collato
854 863 969 902 simili
999 862 1225 902 Callimachi
1258 862 1348 901 loco
1378 862 1510 914 hymn.
1542 863 1579 900 in
1609 861 1736 901 Cere-

225 947 307 974 rem
335 940 431 974 extr.
463 933 586 973 ἵλαθί
608 949 680 984 μοι
708 933 927 985 redimere,
951 936 1057 985 μέγα
1078 936 1275 985 κρείουσα
1298 933 1451 973 θεάων.
1492 934 1542 973 cf.
1565 933 1736 974 Schnei-

227 1007 369 1046 dewin.
391 1006 563 1045 Exercit.
595 1006 678 1045 crit.
712 1004 752 1044 C.
771 1004 833 1043 lv.
851 1016 888 1055 p.
913 1005 975 1044 16.
1034 1003 1094 1043 Ex
1121 1004 1248 1043 Aetiis
1278 1016 1382 1054 esse,
1414 1009 1454 1044 et
1479 1005 1734 1045 scribendum

224 1090 316 1117 esse
345 1077 468 1118 ἵλαθί
490 1090 563 1128 μοι
590 1074 759 1128 Φαλάρι
787 1090 831 1115 τε
863 1073 1117 1128 Πυλημοῖχε,
1147 1076 1320 1116 coniecit
1340 1076 1490 1116 Theod.
1522 1076 1733 1130 Bergkius:

224 1148 451 1191 Zeitschrist
483 1148 506 1187 f.
539 1148 575 1187 d.
608 1147 958 1188 Alterthumswiss.
994 1146 1111 1187 1836.
1143 1147 1210 1187 Nr.
1240 1147 1306 1188 67.
1365 1148 1451 1201 Ego
1484 1161 1589 1189 nunc
1617 1161 1735 1189 unum

223 1227 342 1261 teneo
375 1220 475 1269 hoc⁷
510 1220 615 1271 quod
646 1225 757 1259 recte
787 1219 989 1259 coniicere
1019 1219 1112 1258 mihi
1133 1219 1284 1270 videor,
1313 1221 1490 1273 potuisse
1511 1206 1629 1260 talem*
1645 1233 1736 1261 esse

224 1294 338 1334 unius
370 1291 611 1344 alteriusque
643 1290 799 1332 Αἰτιόυ
831 1291 1145 1330 conclusionem.

337 1365 444 1403 llaec
474 1364 523 1403 ad
549 1364 662 1403 Aetia
695 1362 837 1402 obiter.
894 1363 974 1403 Sed
1006 1374 1121 1414 quum
1153 1363 1202 1402 de
1222 1362 1364 1403 lambis
1395 1349 1530 1404 dicere
1549 1363 1736 1403 Callima-

226 1437 289 1476 chi
333 1438 558 1489 coeperim,
595 1434 698 1473 alind
747 1433 876 1472 obiter
916 1433 1140 1483 inseretur,
1181 1434 1216 1473 si
1248 1446 1343 1473 vera
1384 1439 1444 1473 est
1473 1439 1564 1473 ante
1595 1433 1736 1473 multos

227 1521 353 1548 aniios
384 1510 486 1548 sacta
519 1508 750 1546 coniectura
782 1517 894 1555 mea,
917 1504 1147 1548 iambicum.
1216 1505 1490 1559 Fragmentum
1524 1510 1585 1545 est.
1614 1505 1736 1546 Calli—

226 1582 355 1621 machi
386 1578 671 1620 CCCCXXXll.
706 1589 728 1616 e
757 1577 991 1627 Lactantio,
1023 1578 1088 1629 qui
1118 1577 1283 1628 dicitur,
1316 1577 1366 1617 ad
1395 1578 1507 1618 Statii
1537 1578 1657 1616 Theb.
1688 1578 1736 1617 ll.

226 1655 319 1695 258.
379 1653 435 1693 Ea
466 1652 526 1692 sic
555 1656 748 1703 concepta
778 1650 962 1703 leguntur
991 1649 1028 1688 in
1060 1649 1151 1689 edit.
1184 1649 1358 1689 Parisina
1386 1649 1661 1702 Lindebrogii:

497 1749 552 1757 -—
589 1722 696 1762 Unde
720 1721 981 1773 proverbium
1013 1720 1122 1772 apud
1146 1721 1235 1760 illos
1260 1721 1504 1774 (Argivos),
1537 1733 1624 1760 cum
1653 1720 1733 1760 ali-

499 1795 612 1835 cuius
640 1795 841 1846 iyncwiam
869 1793 1107 1844 irriderent,
1135 1798 1178 1832 ut
1203 1793 1470 1833 Callimachus
1499 1793 1567 1833 ait.
1603 1794 1734 1839 *ωςεν

503 1866 1019 1909 ΑΟπΙΟΑλΤΟΝελΘΝ.

228 1940 378 1980 Eodem
413 1939 533 1979 modo
564 1940 710 1990 scripta
735 1937 993 1989 Spanhemius
1023 1937 1073 1977 ad
1103 1936 1251 1977 Callim.
1271 1936 1366 1976 LaV.
1386 1936 1478 1976 Pall.
1502 1937 1566 1976 35.
1587 1948 1623 1989 p.
1640 1936 1733 1977 648.

229 2020 286 2064 (p.
319 2013 412 2052 571.
442 2011 503 2051 ed.
536 2011 701 2060 Graev.)
732 2009 917 2058 exhibet,
948 2013 1223 2061 praeterquam
1266 2007 1371 2059 quod
1401 2006 1518 2054 ώςεν.
1587 2008 1630 2048 ln
1673 2007 1736 2048 his

229 2096 329 2136 quae
361 2083 557 2122 sententia
590 2082 723 2128 lateat,
750 2092 831 2119 non
859 2081 1020 2131 amplius
1052 2080 1222 2119 dubium.
1279 2080 1354 2120 Diu
1382 2084 1444 2120 est
1471 2080 1588 2130 enim,
1619 2091 1735 2132 quum

230 2157 301 2195 viri
332 2155 463 2204 docti,
491 2152 749 2205 Spanhemius
778 2151 802 2191 l.
833 2150 857 2190 l.
889 2156 927 2191 et
961 2155 1051 2190 ante
1082 2151 1359 2202 Spanhemium
1390 2151 1479 2202 alii,
1520 2162 1620 2203 quos
1647 2150 1736 2190 lau-

230 2228 297 2267 dat
329 2225 609 2275 Ruhnkenius,
653 2223 906 2276 proverbium
939 2223 1199 2263 admoverunt
1241 2222 1316 2262 hac
1356 2223 1526 2263 maxime
1568 2221 1737 2262 confor-

230 2300 403 2338 matione
431 2300 589 2337 notum:
621 2293 676 2341 ὠς
699 2293 771 2347 τὴν
801 2287 1006 2346 ἐν”Αργει
1037 2294 1194 2334 α’σπίὸα
1225 2293 1427 2334 καθελών.
1486 2293 1629 2333 Verum
1658 2292 1735 2332 hoc

231 2372 355 2423 ipsum
386 2370 510 2410 latere
541 2367 642 2420 apud
671 2366 925 2418 Interpretem
947 2367 1071 2416 Statii,
1100 2365 1205 2418 quod
1235 2366 1312 2405 sihi
1345 2378 1431 2406 cum
1459 2366 1544 2406 aliis
1572 2376 1736 2418 persua·

232 2448 339 2483 serat
372 2441 652 2490 Ruhnkenius,
679 2451 727 2478 ea
757 2439 857 2479 iusto
890 2439 1082 2479 audacior
1119 2440 1351 2479 coniectura
1381 2443 1453 2478 cst.
1511 2438 1632 2478 Favet
1661 2437 1737 2476 ali-

232 2514 458 2570 quantulum
481 2504 744 2553 coniecturae
772 2510 874 2551 istud
904 2510 1009 2563 quod
1037 2513 1346 2550 commemoravi
1376 2507 1408 2550 ὦ
1426 2524 1516 2556 ςεν.
1573 2508 1736 2560 Reliqua

231 2590 464 2639 repugnant.
579 2584 713 2635 ltaque
745 2583 780 2621 in
813 2582 1054 2622 coniecturis
1085 2581 1339 2632 caeteroquin
1371 2580 1666 2630 infelicissimis,
1693 2578 1735 2617 C.

233 2657 378 2698 Barthii
411 2656 459 2695 ad
489 2656 585 2696 Stat.
608 2653 817 2694 Aniinailv.
849 2653 892 2693 Τ.
919 2653 962 2692 ll.
994 2664 1030 2705 p.
1060 2651 1153 2692 419.
1185 2647 1309 2698 α’)’σης
1340 2653 1383 2691 ἐν
1417 2651 1562 2692 ἀσπίδι
1591 2647 1737 2702 Ἀργό-

234 2732 307 2769 θεν
335 2725 497 2776 smair,-
533 2726 562 2766 1.
601 2726 818 2775 Gronovii‚
859 2725 891 2764 si
923 2722 1035 2776 ipse,
1078 2723 1182 2776 quod
1219 2723 1482 2770 crediderim,
1513 2721 1737 2762 Gronovius

238 2801 442 2840 coniector
481 2801 567 2847 est,
607 2797 656 2836 ad
685 2796 871 2848 Stephani
904 2796 997 2847 ssyz.
1032 2796 1184 2848 Fragm.
1218 2794 1332 2834 Thes.
1361 2793 1517 2844 Antiqq.
1555 2792 1618 2834 Gr.
1650 2792 1736 2831 Vol.

234 2871 312 2911 Vll.
345 2883 380 2921 p.
416 2870 506 2908 ¹2:59.
541 2866 641 2908 ὤσει·
672 2863 813 2908 ἀσπίδ’
842 2866 987 2908 diuidit
1016 2864 1140 2908 ἑλώνε
1180 2878 1296 2907 unum
1342 2865 1459 2905 laudo
1498 2863 1598 2915 hoc,
1631 2863 1737 2916 quod
