1856 3126
788 111 1097 149 -141--

179 225 353 280 Lycoph.
385 226 409 265 l.
441 225 464 267 l.
496 222 568 264 καί
597 223 647 264 τά
682 223 969 276 ἀποστάζοντα
1003 230 1078 268 τοῦ
1116 228 1322 274 κυκεῶνος
1352 227 1396 267 ἐκ
1427 226 1508 267 τῶν
1539 226 1712 280 χειρῶν.

179 297 358 351 Apposui
390 297 682 348 explicationes
704 300 1073 350 grammaticorum,
1102 305 1145 340 ut
1171 300 1461 349 addubitarem,
1480 299 1545 339 vel
1573 303 1615 338 ut
1645 300 1715 339 in-

180 374 422 422 terpretarer
455 369 642 422 ambigue
671 370 833 422 scripta.
891 373 1077 423 κρίμιιον,
1107 372 1194 411 sive
1220 375 1396 423 κρῖμνον
1414 401 1425 420 ,
1457 382 1574 422 quum
1603 370 1716 410 varie

180 445 407 493 usurpetur,
435 444 583 489 tamen,
614 440 722 492 quod
751 446 791 481 et
819 443 1063 494 etymologia
1085 441 1240 492 suadet,
1272 446 1311 480 et
1340 453 1436 482 usus
1464 443 1717 494 scriptorum,

181 514 259 554 nisi
288 513 432 563 fallor,
462 514 638 552 omnium
673 511 880 552 confirmat
900 543 911 562 ,
945 514 1091 564 ubique
1120 513 1357 553 frumentum
1375 542 1385 562 ,
1414 514 1585 552 maxime
1618 513 1718 553 hor-

182 586 313 634 deum,
343 584 408 623 vet
438 583 587 636 aliquid
616 583 666 623 de
696 583 867 634 hordeo,
896 584 1118 637 significat:
1151 589 1193 623 ut
1223 584 1339 635 locis,
1373 589 1473 636 quos
1502 585 1646 626 Suidas
1678 598 1717 625 v,

183 658 373 709 Κρίμνον
406 656 570 708 indicat,
601 656 808 696 Leonidae
839 661 877 696 et
906 656 1054 697 Babrii.
1113 657 1247 704 Quare
1280 668 1360 696 non
1392 661 1527 709 potest
1558 656 1610 696 ad
1641 673 1720 697 κυ-

181 731 263 769 κεῶ
293 730 459 776 relatum
495 729 743 782 significare,
777 729 883 781 quod
917 729 1067 769 docere
1098 730 1349 782 grammatici
1383 729 1581 779 videntur,
1601 729 1720 781 quic-

180 801 274 853 quid
306 799 389 841 a'nd
424 801 494 840 τοῦ
524 804 732 848 κυκεῶνος
764 801 954 852 destillat;
985 802 1105 842 multo
1135 803 1253 841 etiam
1285 803 1414 842 minus
1443 802 1649 854 liquorem,
1679 805 1721 841 ut

183 875 352 914 vertitur
383 874 421 912 in
453 868 969 926 fragmento'Callimaehi:
1002 875 1073 915 sed
1109 875 1213 916 haud
1249 875 1368 916 dubie
1406 874 1456 914 de
1501 877 1612 926 parte
1643 886 1720 910 κυ-

185 947 338 994 κεῶνος
380 944 628 985 hordeacea
652 947 931 998 accipiendum
978 952 1049 987 est.
1117 948 1166 988 Et
1206 960 1322 1000 quum
1362 947 1428 987 alii
1470 948 1643 999 κρίμνον
1688 954 1720 983 s.

179 1016 332 1068 κριζιινᾳ
364 1018 677 1069 interpretantur
706 1005 906 1068 adopta,
950 1022 991 1057 ut
1019 1018 1284 1071 Etymologus
1329 1019 1429 1060 Gud.
1461 1030 1499 1070 p.
1531 1014 1626 1066 347,
1653 1014 1722 1054 37.

183 1102 264 1129 11011
298 1102 417 1130 omne
449 1089 616 1140 κλάσμα
646 1090 947 1143 intelligendum
978 1095 1135 1142 putem,
1165 1092 1238 1131 sed
1269 1090 1438 1140 κλάσμα
1466 1091 1526 1129 rei
1554 1100 1607 1128 ex
1636 1087 1722 1127 sru-

184 1167 320 1202 mento
365 1163 523 1212 factae,
562 1175 597 1202 e.
631 1174 670 1214 g.
715 1161 850 1213 panis:
898 1160 1232 1213 quemadmodum
1276 1162 1510 1215 germanice
1549 1158 1725 1199 brocken

185 1235 341 1275 dicitur.
403 1236 473 1274 Est
501 1239 676 1286 κρῖμνον
707 1233 900 1273 hordeum
930 1234 1033 1285 apud
1063 1234 1307 1274 Nicandrum
1332 1236 1372 1274 in
1396 1233 1721 1287 Georg.F1·agm.

181 1306 208 1345 1.
242 1306 410 1355 (Athen,
446 1305 508 1345 llI.
541 1317 575 1356 p.
616 1304 706 1344 126.
737 1304 777 1344 C.
810 1305 881 1357 D.)
919 1304 984 1343 ubi
1015 1304 1212 1345 Athenaei
1246 1317 1326 1344 non
1368 1305 1610 1359 negligenda
1644 1317 1722 1358 pa-

180 1378 396 1430 raphrasis.
458 1376 687 1417 Callimachi
727 1377 951 1429 fragmento
991 1376 1165 1416 sortasse
1197 1378 1613 1418 accommodatissima
1656 1380 1718 1416 est

179 1452 392 1503 explicatio
428 1452 544 1490 vocis
578 1462 640 1500 ca,
674 1460 776 1501 quae
807 1449 845 1488 in
876 1449 1047 1489 Scholiis
1079 1449 1192 1489 Hom.
1215 1450 1326 1490 lliad.
1359 1451 1402 1489 V.
1425 1449 1512 1490 196.
1544 1450 1717 1500 κρίμνον

180 1524 225 1563 δὲ
255 1522 298 1562 τὸ
333 1520 483 1562 λεπτὸν
515 1515 677 1573 ἄχυρον
711 1522 784 1571 τῆς
814 1521 975 1572 κριθῆς.
1035 1520 1091 1559 Ita
1125 1522 1229 1560 enim
1270 1522 1496 1573 acceperim
1527 1520 1718 1560 Callima-

181 1595 325 1635 chum:
359 1595 518 1644 κυκεαῖ,
549 1594 638 1633 dum
678 1594 862 1644 coquitur
893 1604 940 1632 ac
974 1593 1128 1643 servet,
1158 1594 1349 1633 eiaculari
1382 1598 1582 1643 κρῖμνον,
1621 1593 1647 1632 i.
1677 1604 1713 1632 e.

179 1666 223 1707 τὸ
260 1664 410 1707 λεπτὸν
438 1661 601 1718 ἄχυρον
632 1667 706 1717 τῆς
738 1665 901 1717 κριθῆς.
966 1663 1271 1714 α’ποστάζοιτος
1300 1664 1403 1704 haud
1437 1664 1555 1704 dubie
1583 1665 1716 1717 signi-

178 1740 366 1779 ficatione
411 1750 513 1790 quae
557 1738 701 1777 dicitur
741 1738 898 1776 activa:
946 1735 996 1776 cf.
1041 1736 1078 1775 h.
1119 1736 1246 1788 Apoll.
1282 1737 1349 1776 39.
1397 1736 1435 1775 h.
1468 1737 1584 1778 Dian.
1624 1736 1713 1776 118.

176 1813 288 1852 Nunc
320 1812 547 1859 dicendum,
580 1822 659 1861 quo
692 1809 862 1848 consilio
896 1810 948 1848 ita
973 1808 1210 1860 explicatum
1240 1808 1504 1861 fragmentum
1528 1808 1713 1848 hocloco

180 1885 433 1924 inseruerim.
495 1882 736 1921 Coniectura
768 1893 857 1920 mea
887 1885 969 1929 est,
1003 1881 1068 1932 agi
1098 1879 1233 1919 verbis
1267 1880 1398 1929 hisce,
1439 1879 1511 1919 καί
1540 1885 1713 1932 κρῖμνον

177 1957 384 2002 κυκεῶνος
425 1951 737 2003 α’ποστσίζοντος
774 1949 925 2002 ἔραζε,
960 1952 1009 1991 de
1049 1963 1098 1991 eo
1139 1952 1245 2003 quod
1286 1951 1417 2003 paullo
1463 1955 1556 1990 ante
1598 1948 1713 1997 ἔτνος

175 2026 262 2066 sive
293 2025 439 2077 pultem
471 2024 755 2076 appellavimus
790 2023 973 2064 Hecales.
1034 2022 1076 2061 ld
1121 2024 1196 2062 iam
1232 2024 1365 2062 κυκεῶ
1399 2022 1589 2075 appellari
1622 2033 1713 2062 ma-

173 2096 254 2147 lim,
286 2096 486 2136 vocabulo
521 2097 648 2148 magis
678 2097 855 2148 poetico,
889 2095 1032 2146 quippe
1063 2095 1182 2134 multa
1214 2098 1412 2134 vetustate
1434 2094 1604 2136 sancito.
1663 2093 1712 2134 Et

174 2170 426 2223 quantumvis
458 2169 643 2220 spissum,
675 2173 805 2207 tamen
838 2168 890 2206 ita
925 2170 1195 2218 comparatum
1226 2165 1350 2205 fuisse
1381 2170 1492 2218 puto,
1524 2170 1565 2205 ut
1590 2165 1710 2205 bibe-

173 2247 294 2282 retur.
353 2242 458 2281 Sanc
495 2241 642 2280 bibitur
672 2240 909 2279 Homericus
937 2237 1118 2279 κυκεώνε
1164 2239 1351 2290 idemque
1391 2238 1477 2278 sere
1522 2238 1709 2278 vocabuli

173 2316 260 2354 cius
291 2326 386 2354 usus
425 2313 528 2365 apud
566 2314 817 2352 recentiores
861 2316 1000 2364 poetas
1043 2312 1307 2362 observatur,
1351 2310 1607 2363 Apollonium
1639 2310 1705 2351 tv.

176 2387 265 2427 157.
324 2385 567 2428 Nicandrum
600 2383 783 2435 Alexiph.
823 2383 910 2422 129,
946 2387 984 2422 ct
1029 2384 1068 2423 in
1106 2384 1238 2424 fabula
1284 2382 1471 2431 Mismes,
1503 2381 1705 2436 Orpheum

168 2458 266 2510 Arg.
298 2457 393 2498 323.
425 2457 519 2497 329.
578 2457 762 2496 Nonnum
800 2456 844 2494 V.
885 2456 978 2495 273.
1021 2456 1144 2495 XXII.
1179 2455 1244 2494 77.
1293 2452 1443 2494 XLVII.
1477 2453 1544 2492 88.
1616 2452 1704 2499 Quo

169 2532 339 2569 rusticus
361 2528 532 2568 Hecales
563 2525 722 2567 κυκεών
754 2527 803 2566 ab
822 2527 1053 2577 Homerico,
1082 2528 1185 2576 aliis,
1213 2525 1359 2574 differt,
1382 2526 1460 2565 hoc
1488 2529 1564 2574 cst,
1583 2524 1702 2578 quod,

169 2611 220 2638 ex
253 2600 329 2638 hac
363 2598 520 2649 quidem
551 2609 639 2636 mea
670 2597 954 2648 explicatione,
987 2602 1126 2636 coctus
1156 2597 1239 2640 fuit.
1299 2597 1379 2636 Res
1398 2608 1481 2637 non
1512 2596 1702 2637 inaudita.

169 2671 292 2717 Quem
327 2671 487 2719 Gracci,
520 2670 732 2717 Homerus,
764 2670 980 2719 Nicander,
1015 2675 1171 2709 coctum
1193 2669 1316 2710 fuisse
1344 2681 1426 2709 non
1453 2669 1600 2718 dicunt,
1631 2673 1697 2708 aut

165 2744 328 2791 negant,
360 2740 647 2779 nobilissimum
681 2740 840 2779 Cereris
873 2742 1032 2788 κυκεῶ,
1068 2740 1213 2789 Orfidio
1245 2741 1429 2781 Romano
1458 2740 1615 2780 Metam.
1648 2740 1695 2780 V.

158 2810 252 2850 450.
289 2814 427 2848 coctus
459 2811 625 2851 dicitur:
658 2811 935 2862 lymphamque
964 2812 1123 2863 roycmte'
1144 2812 1273 2852 Dulce
1303 2811 1420 2861 (ledit,
1451 2815 1558 2850 tosta
1589 2811 1698 2862 quod
