1856 3126
807 133 1116 174 -235-

199 247 472 300 referendum,
503 248 610 302 quod
640 249 818 301 nitidum,
849 251 1036 301 radians,
1064 251 1292 304 splendens,
1314 251 1523 305 significet.
1569 251 1736 292 Confert

201 320 385 360 Ovidium
417 321 575 361 Metam.
606 321 687 361 Vll.
716 322 810 363 0¹63.
855 323 976 364 iubar
1008 337 1161 365 aureus
1194 324 1396 363 extulerat
1428 323 1509 364 Sol.
1555 329 1596 364 et
1628 336 1733 364 ean-

203 392 293 432 dem
336 405 422 433 rem
465 394 749 436 Callimachum
792 397 855 437 Fr.
900 397 1076 438 CCLVll.
1128 401 1298 436 venuste
1350 396 1409 435 sic
1455 398 1734 450 expressisse:

201 466 338 518 φιαρὴ
369 466 499 518 τῆμος
529 465 707 519 ἀνέσχεν
735 470 826 517 ἕως.
886 470 1010 510 Inscr.
1039 469 1237 509 Memnon.
1258 468 1300 508 L.
1331 480 1447 521 quam
1477 481 1555 523 ego
1587 470 1738 510 inscri-

198 537 375 588 ptionem
406 538 497 578 dum
526 541 748 590 recordor,
775 542 889 582 simul
929 543 1164 582 memoriam
1205 541 1441 593 praeclarae
1478 541 1738 582 demonstra-

201 610 321 650 lionis
356 610 475 651 mulla
506 624 595 652 cum
624 614 826 667 voluptate
857 626 1034 654 revoco:
1075 615 1197 668 igitur
1231 615 1357 654 lnscr.
1390 615 1589 654 Memnon.
1622 614 1665 654 L.
1696 616 1736 654 in

199 681 265 721 illo
294 682 500 724 Lelronnii
533 696 679 737 opere,
714 699 766 726 ex
791 687 991 739 probabili
1021 687 1095 726 viri
1127 687 1386 728 eruditissimi
1417 700 1454 740 p.
1484 687 1577 728 924.
1611 688 1738 727 rosti-

197 756 377 796 lulione:
406 751 493 797 εὖτ’
522 752 574 797 ἄν
605 765 678 809 (ex
709 762 948 810 AYTAN)
979 760 1017 799 δ’
1047 759 1184 812 ἠέλιος
1212 760 1390 813 φαέθων
1420 760 1612 806 α’κτεῖνας
1641 756 1739 799 ἄνι’-

197 843 296 883 σχῃ.
357 829 473 877 Quod
506 830 766 872 Ruhnkenius
812 833 1034 885 quaerebat
1078 832 1308 884 epitheton,
1353 831 1506 871 invenit
1548 831 1736 884 Toupius,

197 901 266 940 vix
293 906 336 941 ut
369 896 566 952 dubites,
586 904 678 955 quin
710 906 835 956 ipsam
872 910 1019 957 poetae
1059 916 1217 944 manum
1251 908 1489 956 assequutus
1520 906 1595 945 sit:
1635 907 1739 958 βλο-

197 971 337 1025 συρόν,
367 974 563 1014 Emendd.
603 976 642 1014 in
672 975 782 1016 Suid.
817 976 855 1015 P.
879 975 942 1015 ΙΙΙ.
973 975 1059 1015 Vol.
1079 974 1125 1014 ΙΙ.
1156 987 1192 1027 p.
1221 975 1316 1015 953.
1339 973 1378 1014 4.
1416 975 1479 1024 (T.
1514 975 1540 1014 l.
1571 988 1608 1027 p.
1639 974 1736 1015 481.

195 1047 324 1099 Lips.)
383 1047 492 1087 Idem
524 1048 631 1100 quod
662 1049 865 1089 coniectat
894 1048 1089 1088 Emendd.
1120 1045 1293 1098 Hesych.
1330 1046 1456 1086 P.111.
1489 1047 1576 1087 Vol.
1599 1047 1662 1088 IV.
1695 1060 1732 1100 p.

200 1120 292 1160 141.
330 1117 566 1172 α’νισχοιῖση
608 1136 652 1159 τε
694 1119 791 1171 βοὸς
822 1119 978 1174 λόφον,
1019 1120 1286 1161 coniectatum
1334 1130 1427 1158 esse
1473 1124 1567 1158 ante
1604 1120 1734 1159 editas

195 1192 510 1232 Emendationes
541 1193 688 1233 Suidae
723 1193 937 1232 tenendum
967 1198 1040 1233 est.
1074 1204 1244 1232 aureum
1271 1191 1394 1230 iubar
1414 1203 1505 1231 esse
1522 1188 1735 1241 βλοσυρὸν

195 1261 328 1319 λόφον
356 1264 558 1304 credimus
591 1278 677 1305 cum
713 1265 879 1317 'l‘oupio,
910 1265 984 1304 elsi
1015 1276 1095 1304 non
1127 1264 1287 1303 mullum
1320 1262 1369 1302 ad
1400 1275 1484 1304 rem
1519 1262 1736 1313 sacitp’).0-

194 1334 439 1391 συρώτατον
471 1331 590 1388 ὄμμα
631 1338 801 1378 leaenae
832 1338 935 1390 apud
967 1336 1278 1386 Callimachum,
1315 1340 1355 1375 et
1382 1333 1598 1387 βλοσυρόν
1629 1334 1736 1374 idem

192 1409 424 1462 significare
456 1409 562 1462 quod
596 1408 802 1462 λαμπρόν,
832 1423 1051 1463 paucorum
1083 1410 1436 1463 grammaticorum
1468 1409 1598 1461 magis
1632 1420 1737 1448 con-

192 1483 347 1523 iectura
381 1494 474 1522 esse
505 1493 622 1534 quam
655 1487 765 1522 certa
798 1483 983 1523 doctrina
1017 1482 1198 1522 videtur:
1221 1481 1392 1534 Etymol.
1423 1480 1473 1521 Μ.
1506 1493 1543 1533 p.
1580 1481 1733 1532 201,ss

192 1554 328 1596 Schol.
358 1555 544 1607 Apollon.
578 1552 832 1595 R11.11.740.
892 1556 943 1594 At
975 1554 1230 1594 recentiores
1261 1557 1404 1606 poetas
1434 1553 1622 1605 reperio,
1646 1551 1734 1592 Ma..

193 1628 408 1668 nethonem
441 1633 480 1668 et
506 1628 707 1678 Nonnum,
740 1628 980 1667 confirnmrc
1009 1640 1099 1668 eum
1129 1640 1255 1668 usum.
1313 1625 1598 1666 Manethoncm
1628 1624 1674 1664 ll.
1696 1624 1735 1665 6.

191 1700 259 1740 ubi
290 1698 458 1756 αἴγλῃσι
487 1698 755 1754 φαεινόμειοι
788 1702 1048 1755 βλοσνρῇσιν
1078 1699 1253 1752 ἀστέρες
1283 1703 1537 1752 opponunlur
1568 1699 1636 1749 iis,
1669 1697 1736 1751 qui

192 1771 414 1813 σελάεσσιν
436 1772 665 1827 α’φαυροῖς.
724 1773 922 1826 Ambigua
957 1778 1048 1813 sunt
1081 1772 1185 1825 apud
1217 1773 1389 1812 eundem
1420 1771 1484 1810 vl.
1514 1771 1603 1810 129.
1634 1773 1737 1822 βλο-

193 1843 303 1898 συρὴ
337 1843 548 1899 Κυθήρη,
590 1851 627 1886 et
660 1847 755 1886 ibid.
787 1847 880 1886 902).
925 1843 1057 1899 111ιᾷΊή
1087 1847 1370 1897 βλοσυρῶπις.
1406 1848 1445 1883 et
1487 1855 1566 1883 non
1605 1843 1736 1883 ambi-

191 1929 311 1970 guum
340 1917 403 1957 Ill.
438 1919 501 1958 14.
533 1919 732 1974 βλοσυρῷ
763 1921 946 1969 Λέοντι,
980 1919 1043 1970 qui
1078 1917 1183 1957 haud
1217 1917 1337 1957 dubie
1377 1917 1628 1956 truculentus
1671 1916 1735 1955 leo

193 1995 276 2030 cst:
309 1990 360 2031 cf.
389 1991 434 2030 V.
469 1990 561 2031 196.
630 1991 787 2031 Deinde
817 1991 986 2031 Nonnus
1021 2002 1136 2042 quum
1168 1991 1406 2042 saepissime
1448 1994 1485 2029 et
1521 1989 1570 2028 de
1604 1989 1735 2028 multis

193 2064 315 2104 rebus
346 2068 512 2116 usurpet
538 2059 762 2116 βλοσυρόν,
794 2063 919 2103 semel
952 2063 1004 2103 ila
1038 2064 1267 2115 usurpavit,
1302 2067 1342 2102 ut
1378 2062 1591 2102 manifesto
1624 2064 1737 2112 λαμ-

197 2133 327 2188 πρόν,
360 2136 632 2188 splendidum,
660 2137 746 2177 sive
786 2137 922 2187 malis,
970 2137 1077 2190 quod
1119 2136 1288 2187 fortius,
1330 2135 1486 2187 iqneum
1523 2135 1735 2188 significet,

197 2212 316 2260 utque
346 2209 380 2248 is
411 2209 524 2248 locus
558 2208 645 2248 sive
675 2209 936 2248 imilationem
969 2209 1056 2249 sive
1085 2208 1411 2248 recordationem
1445 2208 1524 2247 loci
1549 2208 1740 2247 Callima-

201 2281 291 2321 chei
323 2281 429 2322 haud
461 2282 636 2322 obscure
657 2282 813 2334 prodat.
859 2282 907 2322 Ut
925 2282 1029 2321 enim
1058 2281 1322 2321 Callimachus
1343 2277 1556 2332 βλοσυρὸν
1577 2278 1738 2332 λόφον-

206 2350 344 2404 Τιτώ,
375 2355 427 2394 ila
457 2355 623 2395 Nonnus
656 2356 936 2407 βλοσυρῆς
967 2353 1119 2401 'Hofig
1152 2353 1252 2393 dixit
1281 2353 1337 2403 ll,
1367 2354 1461 2393 531.
1504 2353 1576 2391 καί
1616 2347 1739 2391 δύσιν

201 2423 404 2477 εἰσορόων
431 2429 644 2480 βλοσυρῆς
674 2422 884 2467 οἷντώπιον
914 2427 1053 2474 ΤΙοιὶς.
1113 2427 1229 2466 Alter
1259 2426 1372 2465 locus
1404 2431 1488 2476 eSl,
1523 2437 1638 2478 quem
1674 2424 1739 2462 sa-

203 2503 292 2538 leor
322 2510 385 2538 me
414 2511 494 2539 non¹
525 2500 621 2539 Salis
654 2499 904 2552 inlelligere,
933 2499 1092 2539 XXVII.
1127 2500 1217 2539 148.
1253 2502 1324 2539 καί
1348 2498 1541 2550 πισίρων
1573 2497 1739 2547 α’νέμων

203 2571 411 2626 φλογερῆς
440 2570 648 2611 α’νῑώπιον
676 2571 821 2625 Ἰ-Ιοῧς,
891 2573 1075 2625 τέτραχα
1103 2572 1356 2624 τεμνομένην
1388 2568 1590 2622 στρατιήν
1620 2569 1742 2622 ἐστή-

203 2659 305 2683 σατο
338 2641 534 2695 Βάκχων,
594 2644 740 2684 Veium
771 2645 851 2684 hoc
884 2645 983 2684 salis
1023 2648 1209 2695 apparel,
1253 2644 1411 2695 gemina
1455 2654 1572 2690 esse,
1614 2652 1738 2693 seque

203 2719 402 2758 illustrare
435 2717 628 2766 invicem,
661 2719 871 2769 βλοσυρῆς
904 2716 1113 2757 α’ντώπιον
1136 2711 1265 2762 Ἠοῦς
1298 2720 1334 2754 el
1367 2715 1573 2769 φλογερῆς
1605 2709 1741 2754 ἀντώ-

204 2785 465 2837 πιονῊοῦς.
523 2789 730 2829 Vocabulo
761 2788 970 2828 ἀντώπιον
1001 2800 1152 2840 saepe,
1193 2792 1233 2827 ut
1276 2788 1380 2827 solet
1428 2800 1498 2827 sua
1539 2792 1738 2840 repetere,

205 2863 324 2904 utitur
351 2863 532 2915 Nonium,
562 2868 604 2903 ut
635 2862 697 2903 his
729 2862 934 2914 exemplis,
966 2874 1067 2914 quac
1096 2872 1222 2914 prope
1254 2860 1451 2900 accedunt
1483 2860 1534 2900 ad
1564 2859 1655 2900 illae
1689 2859 1733 2899 11.
