1856 3126
766 137 819 144 —
878 115 1071 155 256—

146 234 254 288 quod
285 235 344 282 εἷς
374 233 606 286 ἄνδριάντα
639 234 812 287 Θησέως
843 232 916 275 καί
942 234 1019 275 τοῦ
1048 233 1350 286 Μαραθωνίου
1379 229 1544 284 ταύρου
1575 231 1682 272 scri-

145 312 252 360 ptum
285 318 377 347 esse
399 306 564 346 dicitur:
595 301 685 354 ἶνας
714 306 752 346 δ’
772 304 998 358 αὐχενίους
1016 303 1254 357 γνάμπτων,
1282 302 1526 358 παλάμῃσιν
1547 300 1684 356 ἒζιιαρ-

145 389 253 431 ψεν,
342 379 444 433 λαιῇ
473 379 717 432 μυκτῆρας,
762 377 953 433 δεξιτερῇ
996 376 1042 417 δὲ
1085 377 1221 429 κέρας.
1307 374 1605 427 ἀστραγάλους
1645 377 1684 415 δ’

146 451 328 503 ἐλέλιξε,
369 451 440 490 καί
482 450 644 501 αόχένα
678 446 762 502 θήρ
809 446 891 488 ὑπὸ
932 445 1080 501 χερσῖν
1163 446 1428 499 δαμνοὲμενος
1463 448 1686 497 κρατεραῖς

144 516 332 562 ὤκλασεν
361 522 421 568 εἰς
454 520 603 561 ὀπίσω.
663 521 900 573 Apollonius
932 519 996 559 III.
1036 519 1156 559 1306.
1201 521 1278 558 καί
1304 517 1369 572 ῥ’,
1416 512 1485 568 ὅγε
1526 516 1697 566 δεξαμ-

145 598 236 646 ροΐο
265 595 390 644 κέρας
421 591 521 643 βοὸς
553 588 680 645 ἄκρον
711 590 896 645 ἐρύσσας
971 588 1104 633 εἷλκεν
1133 589 1391 643 ἐπικρατέως
1422 586 1552 628 παντί
1580 588 1685 626 σθέ-

143 679 224 705 νεις
266 677 404 705 verum
448 665 587 704 ibide
637 669 752 705 tauro
785 666 858 705 sub
894 665 1028 717 iugum
1070 663 1264 703 mittendo
1315 662 1458 714 agitur.
1519 659 1682 698 Latinos

145 737 365 789 scriptores
398 737 656 777 Ruhnkenius
689 737 811 789 Epist.
847 739 934 777 crit.
967 737 1011 776 ΙΙ.
1041 748 1078 789 p.
1116 735 1206 775 187.
1240 734 1434 774 adhibuit.
1497 732 1682 772 Ovidium

143 809 211 849 lx.
244 809 294 848 de
326 810 497 850 Hercule
529 814 568 849 et
597 810 805 850 Acheloo:
840 812 951 850 cuius
984 809 1062 849 hoc
1092 812 1263 848 maxime
1294 806 1345 846 ad
1376 810 1554 845 nostram
1589 804 1679 844 dis-

143 882 388 932 putationem
421 883 607 933 pertinet,
638 894 674 921 v.
708 881 773 921 83.
808 881 1087 931 deprensaque
1119 879 1224 919 dura.
1250 881 1416 918 Cornua
1441 878 1525 930 fiyit
1550 877 1682 916 hamo.

148 953 382 994 Suetonium
414 952 549 991 Claud.
583 953 647 991 21.
690 952 905 990 Thessalos
937 952 1102 1001 equites,
1132 950 1200 1001 qui
1226 950 1340 1002 seros
1368 955 1511 989 tam-os
1543 972 1592 978 —
1629 972 1683 979 --

147 1026 203 1066 ad
231 1030 383 1064 terram
412 1023 603 1063 cornibus
635 1023 850 1063 detrahunt
902 1022 967 1062 ubi
1001 1022 1051 1061 cf.
1086 1021 1208 1074 intpp.
1267 1022 1451 1062 Addatur
1480 1022 1538 1070 iS‚
1566 1032 1683 1073 quem

148 1098 371 1150 Olympium
409 1097 692 1136 Nemesianum
735 1094 946 1148 appellavit
989 1094 1290 1134 Wernsdorfius
1332 1094 1441 1134 Poet.
1473 1094 1557 1133 Lat.
1589 1095 1684 1133 min.

146 1171 188 1210 T.
220 1171 248 1210 I.
282 1170 463 1222 Append.
508 1181 596 1208 cum
624 1173 785 1207 taurum
817 1167 1023 1217 (Alcides)
1054 1167 1146 1206 dira
1176 1167 1390 1206 minantem
1419 1165 1611 1217 Excipit,
1648 1169 1687 1204 et

145 1254 314 1282 scaevum
346 1254 485 1292 cornu,
512 1240 774 1292 flammasque
804 1245 1025 1279 tilODe‘lzt‘em
1055 1239 1247 1291 Corripit,
1279 1243 1319 1279 et
1350 1251 1452 1291 quae
1476 1239 1529 1278 ibi
1551 1238 1684 1278 aliena

148 1316 198 1355 ab
220 1315 296 1355 hac
319 1315 588 1367 disputatione
607 1318 839 1365 sequuntur.
901 1312 1081 1363 Corripit
1099 1317 1245 1362 autem,
1268 1311 1373 1351 haud
1399 1311 1519 1350 dubie
1542 1322 1682 1351 cornu.

146 1388 196 1428 Et
226 1388 292 1439 qui
335 1387 385 1426 de
432 1385 734 1438 comprehensis
764 1397 799 1437 »a
841 1385 998 1424 Theseo
1040 1384 1231 1423 cornibus
1276 1383 1420 1423 famam
1468 1383 1592 1423 fuisse
1635 1394 1687 1422 ex

146 1461 380 1500 narratione
423 1459 765 1511 imaginibusque,
808 1458 871 1497 vel
913 1469 965 1496 ex
996 1461 1135 1496 natura
1175 1456 1259 1507 rei,
1300 1468 1372 1508 per
1412 1456 1684 1507 antiquitatem

149 1532 270 1585 longe
309 1536 571 1584 propagatam
601 1531 769 1583 probat,
812 1529 956 1570 Cicero
990 1530 1098 1581 Disp.
1132 1529 1246 1569 Tusc.
1277 1528 1340 1568 lV.
1374 1529 1439 1568 22.
1472 1539 1527 1566 αη
1566 1526 1686 1566 etiam

154 1604 332 1644 Theseus
359 1603 609 1644 Marathonii
650 1602 759 1642 tauri
799 1614 956 1642 cornua
991 1601 1291 1652 comprehendit
1326 1600 1491 1640 iratus?
1604 1599 1685 1640 sam

150 1677 355 1730 quaeritur
391 1677 439 1716 dc
479 1681 739 1716 monumento
782 1688 803 1715 a
835 1675 1098 1715 Marathoniis
1140 1674 1326 1714 dedicato
1359 1686 1419 1725 ap.
1448 1673 1685 1712 Pausaniam

148 1750 179 1790 Ι.
211 1749 277 1801 27,
309 1749 347 1789 9.
384 1751 446 1790 10.
479 1754 607 1790 utrum
651 1749 744 1788 illud
776 1761 948 1801 pugnam
981 1761 1031 1787 an
1067 1747 1240 1787 oblatum
1276 1747 1378 1786 deae
1420 1750 1573 1786 taurum
1614 1757 1686 1785 re-

149 1822 482 1876 piwaesentaveiit.
598 1821 739 1861 Tenuit
768 1832 830 1859 me
856 1820 1145 1872 aliquantispei
1177 1819 1331 1859 codicis
1352 1818 1401 1858 A.
1435 1818 1538 1870 apud
1562 1817 1685 1859 Gais-

149 1895 323 1936 fordium
355 1895 553 1946 scriptula
586 1890 720 1933 α’λαὸν
747 1894 882 1944 κέρας.
914 1892 987 1932 sed
1017 1896 1192 1945 praestat
1225 1888 1344 1931 ὀλοὸν
1374 1891 1512 1943 κέρας.

264 1968 360 2008 Tum
393 1967 529 2006 verbis
563 1966 826 2006 comminatus
863 1966 1066 2017 Theseus,
1106 1965 1300 2006 abstraxit
1335 1964 1575 2005 renitentem
1607 1962 1685 2002 be-

152 2041 281 2081 stiam.
339 2038 653 2079 F1.CCLXXV.

320 2109 395 2163 [ὥς
424 2108 566 2163 εἰπών]
600 2106 619 2150 ὅ
649 2110 729 2162 μὲν
758 2103 917 2160 εἷλκεν,
950 2106 970 2150 ὅ
1005 2110 1040 2150 δ’
1071 2111 1208 2150 εἵπετο
1240 2107 1403 2162 νωθρὸς
1434 2107 1585 2162 ὁδίτης.

150 2181 207 2232 ὥς
235 2181 363 2224 εἰπών
392 2194 443 2222 ex
473 2181 686 2234 ingeniosa
715 2182 942 2221 Buttmanni
964 2181 1239 2221 restitutione:
1268 2186 1309 2222 ut
1335 2182 1500 2221 imitatio
1531 2182 1581 2221 sit
1611 2192 1682 2221 sa-

150 2258 201 2296 tis
232 2256 399 2308 elegans
433 2265 575 2293 versus
606 2253 835 2293 Homerici:
887 2248 944 2299 ὣς
982 2251 1112 2292 εἰπών
1150 2248 1170 2290 ὃ
1214 2254 1291 2303 μὲν
1335 2247 1444 2305 ἦρχ’,
1483 2250 1502 2292 ὃ
1541 2252 1576 2292 δ’
1609 2248 1683 2305 ἅμ’

150 2328 299 2368 ἕσπετο
331 2323 498 2372 ἰσόθεος
532 2322 634 2379 φώς.
674 2325 715 2365 ll.
744 2325 809 2366 Xl.
846 2325 941 2364 472.
974 2324 1057 2364 XV.
1090 2324 1184 2365 559.
1216 2323 1318 2363 XVI.
1351 2323 1446 2364 632.
1517 2324 1684 2376 Propter

151 2398 418 2440 Scholiastam
446 2397 665 2449 Apollonii,
689 2398 753 2448 qui
780 2391 916 2437 εἷλκεν
947 2395 1024 2435 dici
1057 2407 1079 2434 a
1111 2394 1352 2434 Callimacho
1386 2393 1492 2446 πρὸς
1511 2396 1683 2435 πλείονα

151 2465 339 2523 ὲζιιφασιν
380 2468 607 2521 significat,
641 2467 838 2518 adscripsi
880 2466 1002 2506 haec:
1040 2466 1175 2519 Epigr.
1210 2466 1358 2508 οἷδεση.
1390 2465 1681 2506 CCLXXXVll.

152 2540 222 2588 (A.
256 2539 334 2579 Pal:
354 2539 399 2579 ΙΙ.
429 2552 465 2592 p.
487 2537 609 2589 654.)
641 2540 743 2590 βοῦν
773 2536 928 2590 α’ρότην
962 2535 1145 2588 ἕλκοντα,
1175 2536 1399 2576 Herculem.
1457 2536 1684 2577 Aristocles

150 2611 269 2651 Anal.
312 2611 358 2651 ΙΙ.
393 2623 429 2663 p.
477 2612 567 2652 105.
619 2611 688 2659 (Α.
721 2610 798 2649 Pal.
843 2609 1026 2662 Append.
1060 2621 1097 2661 p.
1132 2606 1255 2659 749.)
1300 2610 1443 2649 τοῦτον
1482 2613 1679 2659 (taurum)

149 2684 283 2734 γραῦς
325 2684 553 2734 στείχουσα
584 2681 692 2734 μόνη
738 2679 868 2731 μόνον
900 2674 1053 2727 οὔατος
1086 2678 1195 2720 ἕλκει
1281 2680 1388 2720 τόνδ’
1424 2676 1496 2720 ἐπί
1520 2677 1678 2731 βωμὸν·

153 2755 173 2794 ὁ
206 2756 258 2806 δ’,
289 2755 344 2801 ὥς
382 2759 532 2808 ματέρι
573 2761 695 2805 παῖς,
726 2753 881 2794 ἕπεται.
968 2753 1042 2793 Pro
1084 2751 1220 2793 εἵπετο
1263 2752 1367 2805 apud
1401 2750 1684 2792 Callimachum

153 2828 297 2868 ἕσπετο
343 2826 515 2867 malebat
558 2827 906 2880 Spanhemius·in
956 2838 1027 2866 sua
1077 2826 1405 2878 Fragmentorum
1453 2822 1684 2863 Callimachi
