1856 3126
826 131 1020 184 -ees
1079 165 1129 174 -—

207 263 247 304 Γ
245 257 488 302 λαυκωηιόυ
531 262 773 301 mentionem
819 263 858 301 in
899 262 1048 302 Hecale
1093 252 1231 302 fuisse.
1306 260 1462 302 Deinde
1507 271 1580 313 pro
1627 264 1740 302 certo

206 334 384 373 habitum
415 333 463 372 iri
496 333 687 384 conlido,
722 334 846 375 fuisse
888 335 1023 375 verbis
1056 339 1292 387 conceptam
1334 334 1421 373 his:
1464 330 1488 387 ἥ
1529 334 1564 374 τ’
1610 330 1741 388 ἄκρης

206 408 306 444 θῖνα
336 403 613 445 Γλαυκώπιον
645 405 740 454 ἵζει.
801 406 884 446 Etsi
914 407 994 446 hoc
1029 407 1105 446 iam
1136 419 1186 446 ex
1215 408 1263 446 iis
1296 411 1371 457 est,
1402 418 1504 457 quae
1534 418 1613 446 non
1644 419 1741 459 per-

206 477 381 516 suadeas
406 476 459 527 ci,
489 477 554 528 qui
583 477 699 528 plane
729 477 839 517 nolet
871 478 1066 518 credere:
1101 478 1229 518 nullus
1260 479 1364 517 enim
1386 479 1571 531 antiquus
1600 483 1742 518 auctor

206 561 254 588 ea
286 550 410 588 verba
452 550 600 589 diserte
632 550 769 590 tribuit
802 551 1059 591 Callimacho.
1125 552 1331 601 Alterum,
1363 552 1488 591 fuisse
1531 549 1742 601 Glaucopic·

205 623 450 660 mentionem
484 622 577 661 loeo
600 634 620 661 a
654 622 772 662 nobis
803 626 1042 673 monstratQ
1074 622 1122 661 ab
1143 634 1207 672 eo,
1238 622 1344 674 quod
1365 622 1596 674 Episodiuin
1616 620 1742 660 fuisse

206 692 256 731 de
287 693 408 732 rebus
440 693 586 733 Thesei
628 699 719 734 ante
752 695 852 733 actis
894 694 1024 746 deque
1055 695 1199 734 itinere
1231 694 1375 734 Thesei
1416 694 1742 744 monstravimus,

204 778 397 806 summam
428 766 749 818 probabilitatem
779 766 910 807 habet.
972 767 1125 807 Rursus
1163 766 1256 807 illud
1301 769 1457 820 ipsum,
1500 768 1625 808 fuisse
1665 767 1741 806 tale
1803 806 1807 807 ⁷

206 838 406 890 quoddam
439 839 686 890 Episodium,
716 852 795 879 non
828 839 955 879 solum
988 841 1027 879 in
1060 841 1288 880 universum
1319 852 1369 879 ex
1388 845 1527 880 natura
1553 840 1742 880 carminis

207 910 327 962 epici,
357 910 428 950 sed
455 909 664 962 probabile
695 914 769 958 est,
800 915 841 950 ut
871 910 978 961 quod
1008 912 1179 950 maxime
1210 911 1433 963 probabile,
1461 916 1625 963 propter
1656 911 1742 950 fra-

204 987 363 1035 gmenta
398 983 605 1031 nonnulla,
638 994 672 1020 e.
703 994 743 1034 g.
777 981 897 1020 illud:
927 976 969 1027 ὅς
997 980 1034 1034 ῥ
1056 979 1212 1033 ἔφυγεν
1240 983 1317 1032 μὲν
1363 982 1611 1036 Ἀρκαδίην,
1645 981 1742 1035 ἡμῖν

205 1056 249 1094 δὲ
283 1052 408 1101 κακὸς
442 1053 736 1104 παρειιά(ῑσαιο
779 1048 952 1103 γείτων,
998 1050 1047 1089 (le
1090 1050 1325 1103 Cercyone:
1369 1052 1476 1103 quod
1517 1053 1555 1092 in
1594 1052 1742 1091 Hecale

207 1125 329 1164 fuisse
363 1130 440 1164 tam
472 1124 556 1163 veri
586 1123 726 1163 similis
758 1122 992 1162 coniectura
1023 1128 1106 1173 est,
1136 1128 1177 1162 nt
1210 1135 1282 1175 pro
1314 1135 1411 1163 vera
1445 1128 1636 1176 certaque
1665 1123 1744 1162 ha—

207 1197 293 1236 beri
327 1196 499 1245 debeat3
530 1197 562 1235 si
594 1201 725 1236 autem
756 1197 793 1235 in
823 1195 989 1246 Hecale,
1020 1195 1145 1234 fuisse
1174 1196 1214 1234 in
1245 1196 1479 1235 narratione
1502 1200 1594 1235 ante
1625 1200 1744 1236 acto-

204 1280 312 1318 rum,
345 1270 582 1308 necessario
614 1270 792 1321 sequitur
824 1280 874 1307 ex
903 1279 977 1317 eo,
1011 1267 1118 1318 quod
1157 1266 1206 1307 de
1236 1272 1472 1320 argumento
1506 1272 1623 1320 atque
1654 1280 1744 1308 ain-

208 1341 294 1379 hitu
325 1340 524 1392 poematis
560 1345 731 1380 constat.
848 1340 927 1379 Sed
960 1340 999 1378 in
1031 1351 1081 1379 eo
1112 1351 1236 1390 eram,
1264 1345 1306 1380 ut
1335 1339 1611 1389 ostenderem,
1639 1351 1743 1392 quae

205 1412 457 1452 excludenda
488 1412 647 1452 suerint.
707 1412 803 1452 Eius
840 1413 1006 1465 generis
1046 1414 1216 1452 maxime
1255 1413 1333 1453 duo
1376 1412 1536 1463 habeo,
1577 1413 1612 1452 si
1660 1423 1743 1451 non

207 1484 460 1524 excludenda
494 1496 541 1523 ac
572 1484 867 1536 praetereunda
899 1484 1074 1536 silentio,
1107 1490 1147 1526 at
1180 1491 1311 1526 tamen
1343 1485 1410 1525 hic
1440 1489 1587 1524 tantum
1620 1484 1742 1537 digna

207 1557 411 1596 mentione
442 1557 546 1597 inter
575 1570 643 1608 ea,
683 1569 785 1609 quae
825 1569 989 1609 prorsus
1027 1558 1202 1597 ineerta:
1248 1570 1367 1597 unuin
1409 1569 1431 1596 a
1474 1555 1742 1595 Valckenario

208 1628 427 1669 adhibitum
462 1629 512 1668 ad
541 1628 743 1681 Hecalen,
774 1643 796 1670 a
826 1628 1074 1670 Blomfieldio
1105 1630 1289 1669 alterum.
1348 1628 1550 1669 Ammonii
1578 1640 1616 1680 p.
1652 1627 1743 1668 103.

204 1702 328 1741 verba
357 1705 476 1741 sunt:
508 1698 670 1753 Ὀλίγον
698 1700 771 1741 καί
801 1698 957 1754 μικρὸν
989 1701 1201 1755 διαφέρει·
1234 1699 1278 1742 τὸ
1312 1701 1390 1751 μὲν
1417 1699 1499 1754 γάρ
1521 1699 1661 1752 ὀλίγον
1679 1699 1742 1739 ἐπ’

204 1773 428 1827 α’ριθμοῦ,
460 1770 506 1813 τὸ
542 1773 588 1813 δὲ
621 1771 789 1826 μικρὸν,
815 1770 886 1813 ἐπί
927 1773 1135 1824 μεγέθους
1178 1770 1396 1813 τάσσεται.
1455 1768 1745 1825 ’.Αριστόνικος

206 1846 251 1885 ἐν
280 1843 564 1898 ὑπομνήματι,
593 1845 755 1884 ἑκαλεσ’
785 1841 856 1883 ἐπί
886 1843 1115 1896 στοιχείου,
1145 1842 1289 1897 ὀλίγην
1313 1845 1464 1897 νησίδα
1490 1844 1740 1894 Καλυψοῦς.

208 1916 319 1970 φασί
347 1917 394 1956 δὲ
426 1911 557 1963 οὕτω,
589 1915 731 1969 ὀλίγην
758 1915 927 1969 μακράν
969 1916 1052 1964 (vel
1083 1914 1266 1969 μικράν)
1307 1915 1638 1961 ὑπαλλακτικιός.
1695 1911 1740 1954 τὸ

205 1990 286 2038 μὲν
318 1991 420 2040 γοῦν
454 1986 594 2040 ὀλίγον
623 1985 686 2027 ἐπ’
716 1987 930 2039 α’ριθμοῦ,
963 1984 1006 2025 τὸ
1047 1987 1092 2026 δὲ
1122 1985 1274 2039 μικρὸν
1307 1987 1377 2027 ἐπὶ
1401 1989 1609 2039 μεγέθους
1635 1986 1743 2026 τασ-

208 2074 342 2099 σεται.
401 2058 472 2098 καί
491 2056 686 2112 (Όμηρος,
721 2059 818 2105 (Od.
850 2059 937 2098 XX.
970 2058 1086 2107 259.)
1121 2060 1274 2112 δίφρον
1296 2059 1503 2098 αἐικέλιον
1533 2056 1744 2109 napa-98&

211 2129 354 2181 ὀλίγην
396 2145 438 2168 τε
482 2128 706 2180 τράπεζαν.
767 2127 843 2182 την
880 2131 1049 2181 μικράν.
1121 2131 1284 2169 Mirum:
1325 2129 1503 2182 inprimis
1549 2128 1643 2168 illud
1682 2128 1743 2167 bis

209 2203 379 2253 positum
412 2198 454 2240 τὸ
483 2202 600 2251 μέν-
619 2201 757 2252 ὀλίγον
785 2202 850 2243 ἐπ’
883 2202 1087 2253 α’ριθμοῦ,
1123 2200 1167 2241 τὸ
1195 2202 1240 2241 δὲ
1267 2199 1418 2253 μικρὸν
1440 2198 1511 2241 ἐπί
1537 2199 1744 2251 μεγέθους

211 2269 423 2312 τάσσεται.
483 2272 531 2312 Et
565 2272 778 2312 manifesto
803 2279 1030 2325 corruptum
1060 2271 1221 2314 ἐκάλεσ’
1252 2271 1322 2312 εἠἰ
1350 2274 1575 2324 στοιχείου.
1634 2271 1744 2310 Ten-

213 2345 311 2385 tavit
346 2345 559 2384 Animadv.
600 2357 636 2396 p.
670 2347 760 2386 151.
802 2346 1116 2386 Valckenarius:
1148 2372 1201 2378 —
1231 2342 1523 2399 Ἀριστόνικος
1553 2345 1596 2384 ἐν
1634 2342 1744 2384 ὑπο-

213 2414 395 2468 μνήματι
420 2414 615 2469 Ἑκάλης,
646 2416 716 2456 ἐπί
744 2421 908 2469 στίχου·

496 2506 513 2526 ο
801 2483 940 2540 ὀλίγην
966 2488 1115 2541 νησῖδα
1151 2489 1405 2540 Καλυψοῦς·

217 2559 347 2611 φησίν
379 2552 522 2607 οὕτως,
551 2557 707 2610 ὀλίγην,
738 2557 907 2609 μικράν,
943 2558 1274 2608 ὑπαλλακτικῶς.
1335 2559 1380 2601 τὸ
1410 2563 1488 2612 μὲν
1519 2567 1596 2602 etc.
1656 2562 1742 2610 Quo

217 2630 350 2668 statim
395 2628 504 2680 prior
545 2628 756 2668 difficultas
794 2628 858 2668 illa
898 2630 1072 2670 tollitur:
1111 2643 1202 2670 nam
1240 2632 1348 2683 prius
1388 2630 1434 2671 τό
1469 2634 1548 2684 μὲν
1575 2631 1655 2685 γάρ
1687 2656 1744 2667 -—

218 2699 416 2740 τάσσεται
449 2701 699 2752 Ammonius,
732 2702 897 2742 alterum
930 2701 972 2743 τὸ
1003 2703 1081 2753 μὲν
1105 2704 1207 2754 γοῦν
1233 2729 1287 2734 -
1317 2700 1518 2744 τάσσεται
1548 2704 1743 2745 excitatus

220 2771 269 2810 ab
300 2771 513 2812 Ammonio
546 2774 802 2814 Aristonicus
832 2774 939 2815 dicit.
1000 2775 1049 2815 Et
1079 2787 1195 2828 quum
1224 2776 1345 2828 vulgo
1376 2775 1531 2828 legatur
1557 2775 1668 2827 φασί
1695 2777 1743 2817 δὲ

221 2838 346 2892 οὕτω,
377 2842 577 2893 aliquanto
607 2847 770 2898 propius
801 2846 851 2887 ad
871 2847 1070 2900 vulgatam
1101 2847 1341 2888 accedemus
1363 2846 1644 2899 distinguendo
1669 2848 1743 2887 ita:
