1856 3126
766 85 1042 122 ...39—

147 197 215 250 qui
245 197 389 238 eodem
414 197 643 238 Callimachi
672 198 764 239 loco
790 201 1068 242 nonnullorum
1099 203 1137 243 in
1159 203 1330 244 amicitia
1359 201 1668 243 inconstantiam

147 270 279 310 notari
310 267 458 309 scribit.
516 269 648 322 Digna
675 270 858 311 acumine
889 273 1118 314 Callimachi
1149 276 1346 315 sententia
1376 278 1462 314 est:
1493 274 1598 326 quod
1626 274 1668 313 in

147 341 272 381 stellis
301 341 484 391 aecidat,
512 346 554 381 ut
586 342 756 382 eandem
787 342 930 394 iidem,
962 345 1048 388 scil.
1080 348 1240 398 sponsi,
1272 351 1311 386 et
1338 350 1470 386 ament
1502 350 1542 386 et
1571 358 1668 398 per-

145 413 409 465 horrescant,
439 418 571 454 ament
601 415 896 467 vespertinam,
924 418 1154 457 matutinam
1194 418 1287 458 odio
1318 419 1517 470 habeant,
1563 419 1668 459 idem

146 485 259 525 cerni
291 485 330 524 in
362 485 613 537 hominibus,
657 492 696 527 ut
728 488 897 527 eundem
938 489 1057 529 iidem
1098 494 1228 529 ament
1268 495 1307 529 et
1344 491 1668 543 perhorrescant,

144 559 413 610 vespertinum
442 564 599 610 ament,
631 560 790 600 oderint
820 562 1062 601 matutinum.
1119 562 1248 614 Atque
1280 563 1331 602 ita
1379 565 1667 604 conformatam

146 632 382 671 sententiam
413 630 562 682 fuisse,
592 633 688 672 satis
717 638 883 685 aperte,
915 638 956 673 ut
992 634 1086 674 mihi
1128 635 1286 686 quidem
1327 636 1514 686 videtur,
1543 636 1667 677 verba

144 703 358 755 loquuntur
403 716 505 756 quae
555 705 736 757 proxime
786 706 1032 758 praecedunt
1089 713 1180 747 ante
1232 721 1372 748 versus
1421 709 1665 758 Callimachi,

145 775 433 828 Olympiodori.
493 778 643 825 Quibus
674 778 808 818 verbis
838 781 1037 819 sententia
1072 781 1298 821 continetur
1326 780 1566 830 Callimachi,
1594 780 1667 820 sed

143 849 273 888 soluta
304 850 487 889 oratione
514 851 687 902 poetica,
719 851 758 890 in
787 851 910 891 breve
933 857 1152 893 contracta.
1200 849 1262 894 ὅτι
1286 852 1365 906 γάρ
1386 852 1406 892 ὁ
1428 853 1555 900 αὐτὸς
1577 855 1667 893 ἐστι

141 923 216 961 καί
239 917 338 976 ἑῷος
366 922 438 962 καί
463 917 668 976 ἑσπέριος,
699 923 823 976 δηλοῖ
844 925 916 964 καί
938 926 1214 977 Καλλᾲιαχος
1241 927 1369 977 λέγων
1395 925 1439 965 ἐν
1458 926 1666 981 Αἰκιὶλλῃ,

141 990 307 1046 ἡνίκα
345 995 444 1046 μὲν
489 991 594 1046 γὰρ
640 996 913 1049 φαίνεται
955 1002 1071 1044 τοῖς
1118 991 1444 1049 ἀνθρώποις
1486 993 1664 1049 τατῗτά,

143 1063 266 1106 αὐτοί
281 1067 361 1117 μὲν
389 1067 578 1120 φιλέουσ’
597 1071 672 1106 etc.
731 1067 774 1106 Id
805 1068 858 1107 ita
892 1069 1079 1109 videntur
1111 1070 1318 1121 accepisse
1352 1069 1426 1109 viri
1455 1068 1509 1108 illi
1539 1068 1664 1108 docti:

141 1148 261 1187 quum
289 1138 429 1188 stella,
459 1149 563 1188 quae
592 1139 730 1178 eadem
758 1138 923 1192 Lucifer
959 1145 997 1180 et
1024 1140 1232 1192 Hesperus
1267 1145 1347 1191 est,
1385 1146 1559 1192 apparet
1586 1140 1665 1180 Ῐιο-

138 1209 327 1250 minibus.
386 1211 532 1250 Verum
563 1211 597 1251 si
628 1211 706 1250 hoc
735 1210 915 1260 volebat,
946 1223 1135 1263 quorsum
1180 1209 1386 1252 zav'td‘?
1443 1212 1665 1252 Dicendum

139 1283 270 1323 fuerat
299 1279 319 1323 ὅ
348 1281 489 1331 αὐτός.
544 1284 667 1324 Immo
699 1284 763 1326 hic
794 1285 865 1324 suit
894 1296 1107 1337 expressus
1136 1296 1156 1323 a
1179 1283 1435 1334 Callimacho,
1467 1285 1664 1325 indicatus

138 1355 189 1395 ab
221 1355 538 1410 Olympi0d0r0‚
575 1368 718 1396 sensus
748 1356 963 1396 verborum
1007 1368 1054 1396 ac
1087 1359 1236 1395 series:
1275 1355 1471 1408 Experior
1501 1357 1540 1395 in
1582 1370 1661 1408 me,

136 1428 282 1481 inquit,
312 1428 418 1480 quod
451 1428 687 1469 observatur
721 1428 759 1468 in
793 1428 936 1480 α’στέρι
968 1427 1239 1483 Ἀφροὸίτης,
1271 1428 1308 1467 id
1349 1430 1466 1468 ctiam
1502 1429 1587 1468 aliis
1620 1430 1661 1468 in

133 1500 253 1541 rebus
285 1501 419 1541 cerni:
459 1513 577 1554 quum
608 1501 712 1541 enim
746 1500 887 1540 eadem
919 1505 1109 1552 apparent
1144 1505 1261 1553 atque
1304 1500 1491 1541 accidunt
1528 1501 1662 1541 homi-

134 1575 274 1626 nibus,
307 1575 361 1616 illi
392 1574 510 1616 iidem
548 1580 586 1615 et
626 1579 756 1615 amant
788 1579 827 1614 et
867 1575 1203 1627 perhorrescunt:
1248 1574 1476 1614 matutinum
1514 1579 1660 1626 amant,

134 1653 212 1689 etc.
274 1649 425 1701 ltaque,
457 1661 560 1702 quae
587 1660 675 1689 mea
706 1648 903 1688 sententia
933 1651 1008 1698 est,
1040 1646 1275 1699 ambiguitas
1306 1646 1498 1698 quaedam
1533 1647 1662 1687 inerat

139 1721 180 1760 in
208 1715 403 1774 ἑσπέριον
434 1726 474 1761 et
501 1717 628 1778 ἑῷον,
663 1733 763 1773 quae
792 1720 916 1760 semel
941 1721 1102 1773 proprie
1131 1719 1182 1759 ad
1211 1718 1398 1772 ἀστέρα,
1430 1720 1501 1760 scd
1532 1721 1665 1770 ctiam,

137 1805 220 1834 non
251 1795 425 1846 proprie,
457 1794 507 1835 ad
539 1807 605 1835 res
637 1806 738 1846 quae
771 1805 888 1833 mane
910 1792 1112 1844 accidunt,
1142 1793 1314 1844 itemque
1343 1794 1516 1845 vesperi,
1549 1794 1662 1834 etad

139 1866 335 1917 homines,
367 1867 432 1919 qui
454 1880 568 1907 mane
601 1872 640 1908 et
669 1866 826 1920 vesperi
855 1866 1013 1906 obviam
1041 1870 1145 1917 sunt,
1175 1865 1420 1906 reseruntur:
1450 1878 1500 1906 eo
1528 1867 1662 1917 modo,

133 1950 212 1991 quo
247 1940 534 1989 Callimachus,
563 1944 604 1980 ut
643 1939 744 1979 alios
774 1943 959 1988 taceam,
987 1938 1025 1977 in
1061 1937 1207 1989 hymno
1239 1937 1367 1978 lovis:
1406 1932 1661 1989 ἑσπέριος

132 2007 264 2059 κεῖνός
307 2026 353 2063 γε
397 2015 487 2052 νοεῖ
519 2008 566 2052 τά
616 2026 685 2051 κεν
733 2005 804 2064 ἦρι
852 2008 999 2066 νοήσῃ·
1057 2006 1323 2061 ἑσπέριος
1370 2010 1421 2050 τὰ
1468 2011 1658 2063 μέγιστα.

131 2083 324 2124 Senserat
356 2083 503 2136 aliquid
523 2084 666 2125 horum
687 2083 907 2134 Ernestius,
936 2082 1009 2123 sed
1038 2082 1103 2123 ille
1127 2083 1266 2122 nescio
1291 2082 1492 2135 quomodo
1514 2083 1658 2123 eodem

133 2158 315 2207 tempore
335 2155 483 2208 aliquid
506 2157 734 2198 contrariae
756 2155 980 2196 sententiae
1008 2155 1186 2195 tribuens
1207 2155 1470 2196 Valckenarii.
1506 2156 1658 2209 Quippe

137 2226 450 2278 Valckenarius,
480 2229 592 2269 cuius
629 2241 734 2270 nune
762 2229 847 2282 ipsa
893 2227 1017 2268 verba
1059 2228 1096 2267 in
1136 2227 1325 2280 Epistolis
1371 2240 1394 2268 a
1434 2229 1657 2269 Tittmanno

134 2299 252 2340 editis
284 2312 321 2352 p.
353 2301 418 2341 51.
450 2306 656 2354 prostant,
696 2302 756 2343 sic
785 2313 907 2342 versu
935 2301 1168 2353 locupletari
1198 2313 1342 2353 posse,
1372 2313 1423 2341 ex
1451 2302 1658 2354 Olympio-

133 2371 256 2424 doro,
291 2372 559 2426 fragmentum
590 2374 821 2415 Callimachi
861 2374 1128 2414 coniiciebat:
1173 2373 1274 2427 ἡνίκ’
1308 2368 1361 2414 ἂν
1393 2373 1656 2425 ἀνθρώποισι

129 2446 219 2484 κατ’
250 2444 355 2497 ἠέρα
392 2445 523 2487 ταύτά
558 2448 731 2502 φανείη,
762 2447 888 2487 αὐτοί
921 2448 1000 2498 μὲν
1045 2446 1245 2500 φιλέουσ’,
1286 2451 1362 2485 ete.
1421 2447 1508 2486 κατ’
1550 2445 1654 2499 ἠέρα

132 2516 440 2558 Callimacheum
470 2531 586 2568 esse,
625 2520 675 2559 de
707 2519 831 2559 stellis
860 2519 1052 2572 positum:
1099 2530 1213 2570 quam
1247 2519 1287 2558 in
1328 2530 1411 2558 rem
1451 2517 1583 2558 laudat
1613 2518 1652 2558 h.

131 2589 217 2631 Del.
250 2589 339 2630 176.
369 2591 562 2643 τείρεσιν,
592 2589 711 2644 ἡνίκα
741 2594 914 2632 πλεῖστα
943 2590 1034 2630 κατ’
1063 2587 1164 2643 ἠέρα
1195 2591 1502 2640 βουκολέονται.
1560 2590 1654 2631 Mox

130 2663 330 2713 sentiens,
359 2668 400 2702 ut
429 2668 548 2715 puto,
582 2662 791 2703 molestum
819 2675 938 2713 esse,
965 2674 1012 2701 ac
1045 2663 1112 2700 vix
1143 2660 1307 2714 intelligi
1352 2674 1473 2714 posse
1506 2663 1545 2703 in
1584 2663 1652 2704 tali

132 2745 238 2774 nexu
257 2733 405 2789 ταῦτα’,
425 2735 558 2775 addit:
589 2735 666 2775 nisi
685 2735 862 2775 dedisset
883 2733 1190 2787 olympiodorus
1218 2731 1365 2788 ταύτά,
1398 2735 1461 2775 hic
1480 2735 1651 2776 fortasse

132 2808 227 2861 poni
258 2820 415 2861 posse
451 2806 589 2862 λύχνα
619 2807 771 2862 φανείη
799 2820 850 2847 cx
882 2806 1030 2847 Callim.
1058 2805 1121 2847 Fr.
1151 2805 1289 2853 CCLV.
1351 2806 1463 2856 Quae
1504 2808 1651 2859 omnia,
