1856 3126
777 112 1085 151 —143-

156 230 390 270 testimonio
422 229 624 271 referatur
655 229 705 269 ad
738 229 932 281 uecaien,
961 235 1001 270 et
1031 230 1082 270 de
1113 240 1192 269 uno
1223 240 1275 268 ne
1305 228 1385 268 hoc
1405 226 1565 280 quidem
1596 238 1702 267 con-

157 307 267 353 stet,
308 315 358 342 an
395 303 445 342 sit
489 300 734 341 Callimachi.
793 301 835 342 Si
869 306 1001 341 tamen
1042 302 1095 342 ita
1138 300 1360 353 placuerit,
1403 299 1540 340 licebit
1577 298 1700 339 dubio

157 384 234 424 per
274 383 320 412 se
363 371 623 412 fundamento
659 371 766 411 aliud
810 372 1029 424 superstrui
1074 373 1194 411 etiam
1237 372 1366 424 magis
1408 371 1584 412 dubium.
1641 371 1704 411 Ac

158 445 328 496 primum
360 443 466 496 quod
499 443 642 494 aliquis
675 443 882 492 observet,
913 442 1170 483 condimento
1203 442 1336 494 aliquo
1369 454 1468 495 opus
1508 442 1632 482 fuisse
1663 442 1705 481 in

163 514 338 568 pultem,
372 527 451 569 ego
487 516 649 555 minime
682 527 815 568 nego,
851 516 1029 555 adfuisse
1070 515 1395 554 condimentum:
1439 514 1705 568 fragmentum

161 587 394 628 Callimachi
431 599 519 628 eam
554 589 593 629 in
628 601 713 628 rem
745 589 891 629 nullum
932 592 1094 640 praesto
1126 592 1200 626 est.
1259 587 1348 639 Ipse
1381 599 1498 639 quum
1539 588 1707 639 primum

160 661 430 701 accessissem
463 660 512 700 ad
548 674 726 702 mensam
760 662 932 701 Hecales
964 661 1192 700 accuratius
1225 661 1582 712 cognoscendam,
1610 670 1709 698 ver—

160 744 376 784 saremque
409 744 552 773 omnes
585 736 624 774 in
656 739 792 786 partes
824 734 972 782 omnia,
1005 732 1055 771 de
1084 731 1222 771 herbis
1245 733 1428 784 cogitare
1453 732 1586 782 coepi,
1607 742 1709 783 quae

160 805 367 846 adhibitae
400 806 651 846 condimenti
686 818 829 846 caussa
864 806 1058 856 fuissent,
1098 810 1136 845 et
1166 805 1340 844 sortasse
1372 804 1460 853 illa,
1490 804 1711 855 ἕρπυλλον,

158 878 332 930 σόγχον,
367 879 585 931 κρῆθμον,
620 877 684 917 vel
726 875 880 929 partem
924 889 1088 927 eorum,
1121 878 1378 917 condimenta
1412 877 1537 916 fuisse
1579 875 1711 927 pultis.

160 949 287 996 Quam
318 949 358 988 in
389 960 474 988 rem
507 948 633 989 Plinio
676 948 782 988 XXI.
820 949 881 989 17.
917 948 1029 999 (62.)
1072 948 1241 998 utebar,
1283 948 1332 988 de
1374 961 1452 990 una
1495 947 1710 987 herbarum

159 1033 313 1070 earum,
342 1033 446 1074 quae
474 1025 565 1061 sunt
596 1022 634 1060 in
666 1022 838 1060 mixtura
871 1021 935 1061 illa
963 1021 1172 1069 Nicandri,
1201 1021 1268 1061 ubi
1297 1017 1453 1073 σόγχου
1470 1018 1534 1058 vel
1555 1017 1712 1071 σόγκου

160 1093 339 1142 mentio,
370 1103 433 1144 ap.
467 1091 613 1131 Athen.
648 1091 716 1130 lX.
752 1103 788 1143 p,
824 1091 920 1131 571.
950 1091 992 1131 C.
1027 1093 1076 1132 D.
1119 1091 1169 1131 de
1201 1090 1483 1144 ornithogale,
1516 1094 1713 1131 testante:

161 1164 350 1216 coquitur
380 1164 423 1203 in
451 1165 576 1215 pulte.
637 1164 687 1204 Et
719 1169 837 1204 cocto
882 1164 986 1205 haud
1023 1164 1142 1205 dubie
1175 1164 1329 1205 ferculo
1366 1163 1528 1203 hiemali
1572 1176 1595 1202 0
1641 1174 1716 1202 cu·-

162 1239 347 1289 curbitis,
378 1239 525 1290 fungis,
560 1242 599 1278 ct
631 1239 813 1286 contritis
847 1238 1142 1291 leguminibus,
1182 1240 1219 1278 in
1250 1237 1443 1278 Nicandri
1486 1236 1712 1289 fragmento

165 1315 259 1351 ante
290 1310 455 1350 laudato
487 1310 549 1349 lV.
616 1310 754 1362 Neque
787 1310 994 1361 obstaret,
1027 1312 1061 1350 si
1093 1311 1188 1362 quid
1221 1311 1371 1359 video,
1403 1309 1569 1349 Plinius:
1600 1308 1713 1348 cuius

166 1382 292 1421 verba
323 1381 499 1432 quidem,
534 1391 655 1432 supra
690 1381 873 1432 prolata,
905 1381 983 1420 hoc
1014 1381 1248 1433 loquuntur,
1280 1386 1321 1421 ut
1364 1381 1561 1422 sonchum
1591 1385 1714 1434 atque

167 1453 387 1492 erethmum
421 1465 494 1505 per
526 1465 570 1493 se
602 1452 761 1505 singula
793 1454 975 1505 apposita
1009 1465 1102 1493 esse
1136 1455 1365 1494 existimes:
1408 1454 1481 1494 sed
1524 1454 1715 1494 accidere

168 1524 294 1576 potuit
325 1536 377 1564 ex
407 1526 629 1564 innumeris
660 1526 863 1577 excerptis
898 1527 1130 1565 contexenti
1159 1527 1330 1578 spissum
1362 1538 1476 1579 opus,
1508 1531 1550 1567 ut
1585 1527 1716 1566 obiter

170 1601 362 1636 annotata
395 1609 447 1636 ex
484 1597 635 1636 Hecale
671 1596 826 1650 σόγχον
869 1602 910 1637 ct
954 1598 1149 1650 κρῆθμον
1190 1598 1418 1651 singulatim
1460 1605 1716 1651 memoraret,

173 1669 284 1720 illud,
317 1670 532 1710 coniuncta
566 1670 691 1709 fuisse
723 1670 761 1708 in
793 1681 938 1720 unuin,
967 1674 1007 1709 ut
1041 1671 1299 1711 condimento
1337 1676 1498 1722 essent,
1527 1673 1715 1726 neglige-

174 1747 250 1782 ret.
367 1741 480 1782 Nunc
507 1741 676 1781 meliora
706 1741 770 1781 his
802 1745 839 1781 et
869 1743 1045 1782 certiora
1073 1747 1187 1794 sunt,
1217 1755 1321 1795 quae
1351 1755 1471 1796 supra
1503 1746 1717 1796 proposui:

173 1814 212 1855 id
245 1815 354 1867 quod
396 1815 447 1854 de
489 1815 646 1855 soncho
691 1814 863 1854 maximo
909 1815 1117 1867 apparebit
1163 1817 1516 1867 comparantibus,
1557 1822 1719 1869 praeter

174 1888 367 1938 Plinium,
398 1887 514 1926 locos
546 1887 601 1927 ibi
628 1887 814 1927 laudatos
844 1887 1084 1939 Antiphanis
1118 1892 1157 1926 et
1188 1887 1456 1941 Hegesandri.
1570 1890 1716 1930 Verum

176 1960 252 2000 alia
286 1963 347 1999 est
378 1958 524 2011 pultem
555 1959 661 2010 quod
694 1960 846 2009 attinet,
877 1961 1056 2012 opinatio
1093 1972 1196 2009 mea,
1227 1960 1291 1999 cui
1327 1964 1473 2000 tantum
1507 1962 1650 2012 tribuo,
1678 1967 1720 2001 ut

177 2044 266 2072 eam
313 2033 438 2071 taceri
473 2031 609 2070 nolim.
683 2030 880 2071 Odoranti
924 2043 972 2070 ac
1017 2032 1306 2084 pervestiganti
1347 2044 1450 2084 quae
1496 2033 1721 2086 fragmenta

179 2104 412 2146 Callimachi
444 2104 494 2144 ad
530 2116 701 2144 coenam
733 2104 904 2143 Hecales
936 2108 1026 2156 apta
1061 2104 1165 2153 sint,
1195 2103 1361 2146 offertur
1390 2105 1547 2159 Fragm.
1575 2107 1686 2146 CCV.

436 2176 510 2214 καί
537 2176 709 2227 κρᾲινον
741 2177 947 2223 κυκεῶνος
979 2175 1288 2225 ἀποστάζον-τος
1316 2175 1452 2228 ἔραζε.

181 2263 206 2290 0
236 2250 381 2289 Tzetze
417 2249 455 2288 in
497 2248 676 2300 Lycoph.
703 2247 798 2288 607.
831 2249 896 2300 qui
928 2248 977 2287 ad
1007 2248 1130 2288 verba
1167 2250 1238 2288 καί
1274 2252 1426 2302 κρίμνα
1455 2251 1613 2301 χειρῶν
1644 2250 1725 2289 ita:

184 2323 337 2374 κρίμνα
367 2322 453 2370 (vel
488 2322 710 2372 κρίμνον),
742 2312 852 2365 εἶδος
884 2319 1051 2371 κριθῆς.
1114 2320 1187 2359 νῦν
1218 2320 1263 2359 δὲ
1304 2319 1348 2358 τὸ
1389 2318 1646 2372 α’πόσταγμα
1680 2326 1726 2370 (e

186 2395 319 2443 libris3
352 2393 472 2445 vulgo
507 2396 595 2431 erat
624 2390 866 2442 ἀπόστομα)
900 2391 975 2431 τοῦ
1006 2393 1210 2438 κυκεῶνος
1248 2394 1380 2444 λέγει,
1413 2390 1471 2438 ὠς
1499 2391 1573 2432 καί
1605 2394 1727 2432 Καλ-

187 2468 396 2518 λιζιιαχος·
437 2465 510 2503 καί
534 2465 708 2514 κρϊμιοιν
736 2468 812 2502 etc.
874 2463 993 2503 Addo
1025 2464 1329 2516 Etymologum,
1362 2465 1426 2514 qui
1459 2463 1507 2503 ad
1538 2464 1728 2504 Callima-

192 2538 309 2578 chum
339 2535 554 2576 manifesto
586 2536 774 2587 respicit:
825 2537 919 2586 Κρῖ
943 2533 1114 2584 λευκόν,
1145 2536 1336 2588 σημαίνει
1369 2533 1445 2587 τήν
1477 2536 1642 2588 xpe-3411.
1700 2533 1730 2591 ἢ

190 2608 273 2651 dns)
306 2611 378 2650 τοῦ
408 2605 536 2660 κριθή
566 2607 704 2658 γέγονε
737 2603 840 2646 κατὰ
877 2603 1119 2658 αἠοκοπὴν·
1167 2602 1192 2657 ἧ
1222 2604 1304 2645 ἀπὸ
1346 2607 1418 2646 τοῦ
1449 2613 1622 2658 κρῖμνον
1654 2613 1731 2650 τοῦ

191 2682 466 2735 σημαίνοντος
498 2677 543 2718 τὸ
577 2675 694 2730 παχύ
725 2678 801 2717 τοῦ
834 2673 1031 2728 ἀλεύρου,
1063 2673 1218 2728 ὁμοίως
1248 2676 1351 2718 κατὰ
1395 2677 1610 2732 ἀποκοπὴν
1641 2689 1732 2735 κρῖ·

195 2750 283 2794 ἔστι
314 2750 394 2804 γάρ
436 2755 610 2802 κρῖμινον
639 2747 712 2788 καί
745 2749 861 2800 γένος
893 2749 1057 2800 κριθῆς.
1115 2751 1386 2800 σημαίνει
1431 2749 1488 2788 δὲ
1539 2751 1633 2791 καί
1678 2753 1728 2794 τὸ

202 2823 227 2864 ἆ
243 2841 269 2864 π
284 2819 307 2863 ο’
320 2840 346 2865 σ
361 2840 380 2864 τ
398 2841 423 2864 α
436 2839 500 2876 γμ
517 2839 542 2862 α
571 2838 590 2862 τ
605 2835 624 2860 ο
644 2822 670 2860 ὗ
700 2836 723 2860 κ
739 2837 763 2859 υ
777 2835 826 2859 κε
842 2821 876 2859 αἶ
889 2833 943 2859 νο
957 2835 989 2866 ς.
1048 2819 1239 2860 Scholion
1271 2819 1515 2860 Bachmanni
1546 2833 1665 2864 unum
1693 2827 1734 2867 in
