1856 3126
735 150 1042 190 —245—

121 266 376 307 Theocritum
405 265 546 307 XXIV.
579 267 645 307 51.
683 268 900 308 asserebat:
944 268 1082 320 Epistt.
1118 268 1245 308 Tittm.
1277 279 1313 320 p.
1334 264 1401 307 49.
1461 267 1541 309 Sed
1576 266 1653 307 de-

123 337 356 377 clarandum
393 342 476 387 est,
509 338 710 389 quomodo
743 351 821 391 ego
851 339 1088 391 accipienda
1128 351 1221 378 esse
1262 339 1385 378 verba
1421 338 1651 379 Callimachi

118 413 263 460 putem.
336 409 395 447 De
435 408 601 447 testibus
642 410 774 459 enim,
818 410 884 462 qui
926 421 973 448 ea
1014 409 1204 460 laudant,
1247 409 1357 459 duo,
1402 409 1651 450 Scholiastes

117 481 229 521 Arati
262 480 313 520 ad
353 493 388 520 v.
423 479 515 522 976.
558 477 697 530 (244.)
749 475 774 532 ἢ
812 477 983 532 λύχνοιο
1028 479 1210 533 μύκητες
1257 480 1510 532 α’γείρωνται
1554 482 1653 531 περὶ

115 551 253 605 μιῖξαν
338 549 467 591 νύκτα
513 549 619 591 κατὰ
663 553 853 604 σκοτιήν;
901 555 940 590 et
982 551 1229 591 Scholiastes
1270 551 1551 602 Al'iSiopllaniS
1599 550 1649 590 ad

117 624 237 675 Vesp.
266 622 358 662 962.
389 618 522 660 ἔπεισι
548 621 648 672 γοῦν
678 626 810 660 τοῖσιν
839 618 1008 672 λύχνοις
1040 619 1172 660 οὗτοιί
1200 620 1404 673 μύκητες·
1465 626 1584 675 φιλεῖ
1598 621 1649 670 δ’,

114 687 214 731 ὅταν
248 693 356 731 τοῦτ’
386 683 436 745 ᾗ,
467 696 601 729 ποιεῖν
630 689 750 730 ὑετὸν
779 687 991 740 μάλισται
1025 691 1077 729 ita
1109 690 1285 740 laudant,
1321 696 1359 729 ut
1383 691 1650 742 comprobare

115 761 218 800 velle
249 763 478 801 testimonio
513 760 745 800 Callimachi
779 760 991 799 videantur
1023 760 1099 799 hoc
1135 760 1182 799 ab
1215 762 1338 799 Arato
1371 763 1581 813 traditum,
1609 766 1649 801 et

115 835 164 874 ab
195 833 488 884 Aristophane,
530 829 717 883 μύκητας
757 830 845 869 illos
886 830 1071 880 pluviam
1112 831 1369 883 portendere.
1441 833 1556 878 Quod
1598 833 1649 871 ad

112 909 291 944 nostram
318 916 423 944 nunc
455 915 539 942 rem
569 902 698 941 minus
732 901 898 941 faceret.
958 903 1119 943 Scilicet
1141 903 1432 956 prodigiorum,
1465 916 1568 955 quae
1598 916 1650 943 ex

112 973 276 1016 lucerna
307 975 519 1027 capiebant
549 979 729 1023 veteres,
759 974 836 1012 duo
871 974 1030 1013 suerunt
1069 986 1235 1026 genera.
1304 976 1497 1026 Primum,
1540 976 1648 1027 quod

112 1047 292 1087 naturale
323 1047 500 1096 dixeris,
539 1057 616 1098 quo
646 1042 852 1098 μύκητες,
879 1046 1016 1097 samyt,
1048 1046 1213 1086 imbrem
1247 1047 1332 1086 sive
1371 1052 1647 1099 tempestatem

111 1119 356 1170 portendere
388 1119 640 1170 putabantur.
712 1118 768 1157 Dc
810 1129 886 1168 quo
927 1122 1087 1168 praeter
1127 1117 1412 1168 Aristophanis
1456 1123 1496 1157 et
1533 1119 1645 1158 Arati

111 1189 226 1228 locos
256 1189 356 1240 illos,
387 1189 535 1229 laudati
564 1190 602 1229 P.
636 1189 815 1229 Victorio
846 1189 936 1228 Var.
955 1189 996 1228 L.
1018 1189 1197 1229 XXXIII.
1221 1191 1288 1230 121.
1346 1189 1643 1229 Elmenhorstio

111 1260 161 1300 ad
192 1261 372 1312 Appulei.
405 1260 599 1299 Emendd.
631 1273 668 1312 p.
705 1259 794 1299 156.
827 1264 866 1298 ct
887 1260 993 1311 Sept.
1024 1260 1197 1299 Florenti
1219 1260 1446 1299 Christiano
1479 1260 1528 1299 ad
1546 1261 1645 1300 Ari-

109 1331 371 1383 stophanem,
401 1331 698 1382 'I'heophrastus
729 1331 834 1370 binis
866 1331 988 1380 locis,
1018 1332 1185 1380 Plinius,
1214 1331 1402 1384 Virgilius
1432 1332 1580 1384 Georg.
1611 1332 1641 1372 Ι.

108 1403 203 1443 390.
232 1415 290 1454 sq.
332 1401 549 1453 Appuleius
579 1401 624 1441 II.
658 1413 694 1453 p.
728 1401 818 1441 119.
852 1406 908 1453 (p.
936 1400 1026 1441 116.
1048 1401 1085 1440 7.
1109 1401 1316 1448 Oudend.)
1347 1402 1486 1441 Festus
1513 1402 1642 1441 Avie-

107 1485 197 1523 nus,
232 1473 404 1524 denique
434 1472 643 1524 Agathias.
703 1472 761 1512 Cf.
792 1472 825 1512 si
854 1472 998 1524 placet,
1033 1472 1258 1524 Geopon.l.
1283 1474 1323 1523 15,
1344 1473 1381 1512 9.
1441 1473 1639 1525 Agathias

106 1544 226 1585 XVII.
259 1544 399 1594 (Anth.
432 1545 552 1584 Patat.
585 1544 613 1583 Ι.
646 1556 684 1595 p.
718 1542 834 1594 164.)
865 1545 946 1583 iia:
988 1540 1171 1596 ῙΙἸήποτε
1201 1540 1327 1595 λύχνε
1367 1541 1532 1596 μύκητα
1565 1545 1642 1598 φέ-

109 1631 211 1669 ροις,
239 1617 338 1668 μηδ’
369 1611 528 1667 ὄμβρον
554 1616 753 1668 ἐγείροις,
824 1612 881 1668 μή
917 1614 991 1654 τὸν
1020 1613 1122 1665 ἐμὸν
1154 1611 1321 1670 παύσῃς
1352 1617 1536 1669 νυμφίον
1564 1617 1640 1668 ἐρ-

107 1686 302 1741 χόμενον.
360 1686 474 1727 Arati
505 1687 623 1725 etiam
663 1686 741 1726 huc
770 1685 971 1738 pertinent
1009 1696 1150 1724 versus
1188 1686 1303 1726 1034.
1341 1690 1380 1725 et
1414 1686 1531 1726 1039.
1591 1686 1641 1726 Et

109 1758 202 1799 999.
233 1755 386 1811 φλόγες
419 1756 596 1810 ἦσύχιαι
627 1755 793 1809 λύχνων
823 1755 895 1796 καί
922 1757 1113 1810 νυκτεριή
1149 1754 1282 1808 γλαῦξ
1355 1752 1518 1809 ἥσυχον
1551 1755 1639 1798 αἐί-

109 1830 242 1868 domm
270 1829 584 1880 μαραινομένου
615 1829 823 1879 χειμῶνος
861 1852 911 1859 -
941 1829 1070 1880 σῆμα.
1142 1827 1221 1866 Iam
1259 1827 1539 1868 Callimachum
1581 1829 1637 1868 ita

108 1900 343 1952 acceperis,
377 1911 428 1938 ex
458 1899 590 1952 fungis
621 1898 798 1938 Hecalen
838 1902 985 1938 metum
1025 1901 1264 1951 concepisse
1298 1900 1475 1953 pluviae,
1507 1900 1638 1939 mole-

107 1976 194 2011 stae
226 1972 382 2011 futurae
416 1971 572 2009 Theseo
606 1970 645 2008 in
675 1970 833 2009 itinere.
893 1970 1038 2010 Verum
1071 1971 1178 2009 iuxta
1213 1971 1437 2011 doctrinam
1470 1976 1638 2011 natura-

108 2043 184 2082 lem
217 2043 287 2082 suit
323 2042 575 2094 superstitio,
606 2054 627 2081 a
656 2041 780 2080 Plinio
813 2041 857 2080 H.
887 2042 934 2081 N.
960 2042 1083 2081 XXX.
1116 2045 1152 2082 2.
1191 2043 1413 2095 significata
1445 2043 1636 2091 breviter,

108 2127 183 2167 qua
218 2118 377 2154 veteres
404 2125 454 2151 ex
482 2113 645 2151 lucerna
678 2116 790 2151 recte
823 2112 1037 2152 observata
1069 2113 1259 2165 intelligi,
1292 2125 1394 2165 quae
1427 2113 1502 2153 alia
1532 2114 1636 2153 laeta

108 2190 174 2224 aut
206 2186 346 2234 tristIa,
378 2184 548 2223 maxime
570 2184 608 2222 in
638 2195 789 2233 amore,
818 2185 1016 2223 instarent
1043 2184 1207 2233 homini,
1237 2185 1512 2236 opinabantur.
1557 2185 1637 2225 At-

109 2268 184 2308 que
216 2268 265 2296 eo
299 2256 443 2295 referri
474 2254 756 2295 Callimachum
788 2255 932 2294 malim.
992 2254 1066 2301 Qui
1096 2259 1262 2294 naturae
1291 2256 1420 2306 perito
1441 2255 1537 2294 nihil
1558 2256 1636 2295 nisi

108 2327 277 2380 pluviam
308 2326 609 2379 significabant,
640 2323 843 2378 μύκητες,
875 2325 1101 2376 explicandi
1130 2326 1185 2365 illi
1218 2338 1269 2365 ex
1309 2326 1459 2366 humidi
1492 2329 1635 2380 gravi-

109 2402 187 2438 tate
216 2399 334 2448 aeris,
367 2409 438 2437 eos
469 2396 640 2436 Hecales
675 2398 919 2448 superstitio,
948 2383 1107 2449 semper
1141 2397 1191 2436 de
1221 2397 1376 2438 Theseo
1407 2400 1635 2451 cogitantis,

110 2482 220 2510 suam
251 2470 290 2508 in
320 2481 404 2510 rem
438 2470 696 2520 interpretata
727 2473 800 2508 est.
860 2469 909 2509 Ut
935 2469 1011 2508 iam
1038 2469 1117 2509 hoc
1139 2474 1287 2509 tantum
1310 2474 1434 2509 restet
1462 2469 1636 2520 dubium,

108 2546 236 2581 utrum
264 2539 448 2591 μύκητες
478 2539 533 2578 illi
563 2539 938 2592 faustum—,Hecalae
973 2537 1091 2579 omen
1127 2540 1299 2590 fuerint,
1327 2552 1377 2579 an
1407 2540 1634 2581 infaustum.

109 2613 157 2652 Et
208 2611 452 2651 narrationis
495 2610 654 2661 quidem
705 2610 835 2662 ordo,
888 2611 1043 2662 qualem
1098 2612 1308 2662 excogites
1358 2611 1634 2664 probabiliter,

109 2688 316 2734 utramque
356 2681 550 2720 rationem
595 2680 776 2721 admittit.
844 2681 1010 2721 Licebat
1052 2683 1130 2721 ita:
1169 2681 1313 2722 laetata
1361 2688 1423 2722 est
1467 2684 1632 2735 Hecale,

111 2755 265 2804 quoties
294 2753 525 2803 frequentes
558 2752 597 2789 in
628 2750 791 2791 lucerna
822 2752 934 2803 fungi
967 2757 1256 2804 apparuerunt,
1290 2753 1458 2794 faustum
1489 2766 1604 2795 omen
1616 2768 1630 2803 ,·

112 2825 250 2864 eadem
286 2824 507 2877 pertimuit,
548 2834 664 2875 quum
707 2827 853 2862 noctua
894 2827 969 2862 ete.
1038 2823 1087 2863 Et
1130 2823 1276 2864 licebat
1312 2825 1432 2865 modo
1480 2826 1630 2867 altero:
