1856 3126
193 253 254 294 Ad
292 251 597 303 disputationem
626 260 728 301 quae
758 250 962 302 praecedit
990 249 1213 303 Apollonii,
1243 261 1280 304 p.
1314 249 1409 291 504.
1442 247 1492 289 dc
1522 245 1601 289 οὖέ

82 339 180 364 vena
212 322 523 371 coniunctione,
552 319 654 359 infra
685 319 925 360 accedemus
959 321 1050 373 Cap.
1086 322 1150 363 ΙΙΙ.
1180 325 1218 363 in
1252 325 1405 377 Fragm.
1438 318 1601 363 Lllljr.

193 394 402 434 Caeterum
441 393 508 432 hic
540 394 581 432 in
623 395 795 431 mentem
838 394 1069 432 revocanda
1109 399 1169 434 est
1208 396 1347 436 similis
1392 397 1603 448 disputatio

81 466 309 507 Callimachi
339 466 377 506 h.
409 467 448 506 in
480 465 610 518 Apoll.
656 463 745 507 106.
792 459 1069 517 οὕκγᾶγαμαι
1113 463 1186 505 τὸν
1229 465 1396 517 αόιδόν,
1428 465 1474 515 ὂς
1514 462 1605 507 οὔδ’

79 536 157 580 ὅσα
189 539 340 587 πόντος
371 537 529 579 ἀείδεις
569 550 684 590 quem
718 549 877 577 versum
911 534 1077 582 Φθόνος
1117 548 1149 576 s.
1184 539 1352 588 Maium
1390 538 1428 578 in
1467 551 1603 578 aurem

37 628 43 635 .
79 611 252 665 Apollini
286 611 382 651 dicit
394 626 405 662 3
438 610 582 663 Apollo
616 607 787 650 Φθόνον
814 609 918 662 pede
948 609 1102 661 repellit
1134 613 1251 660 atque
1281 609 1479 662 increpat:
1514 623 1605 650 ma-

79 697 161 739 gno
193 685 353 724 flumine·
395 681 535 721 multas
572 682 690 721 etiam
721 682 864 722 sordes
904 681 1035 732 volvi,
1070 693 1201 734 neque
1244 681 1381 720 Cereri
1415 681 1462 720 ab
1495 683 1603 721 omni

79 770 181 810 aqua
210 769 325 797 sacra
353 755 453 804 fieri,
484 754 556 793 sed
585 754 634 793 ab
666 766 730 804 ea,
762 765 863 806 quae
891 766 987 806 pura
1019 759 1136 806 atque
1168 754 1404 793 intemerata
1435 754 1604 805 profluat

77 831 252 876 πίδακος
280 827 323 879 ἐξ
353 825 469 880 ἱερῆς
497 826 614 879 ὀλίγη
641 825 785 877 λιβάς,
819 821 948 879 ἄκρον
978 822 1128 867 ἄωτον.
1187 827 1262 867 Ubi
1295 827 1549 880 Apollonium
1582 839 1604 866 a

19 922 22 923 ⁷
80 901 323 942 Callimacho
358 900 467 952 tangi
496 899 692 939 Rhodium
724 903 877 939 mature
916 900 1179 939 coniecerunt
1216 900 1291 939 viri
1332 899 1465 948 docti,
1506 908 1606 951 quos

80 974 335 1015 Weichertus
366 973 415 1012 de
446 973 527 1012 vita
557 976 597 1010 et
629 984 750 1011 carm.
781 971 983 1023 Apollonii
1012 969 1140 1012 Rhod.
1171 983 1208 1024 p.
1231 970 1296 1011 79.
1326 975 1526 1021 recenset,
1555 971 1605 1010 Is.

78 1047 261 1097 Vossius,
290 1046 551 1098 SalvagniuS,
580 1044 869 1096 Spanhemius,
895 1044 939 1084 E.
973 1043 1226 1094 Gerhardus,
1258 1044 1400 1095 quibus
1434 1043 1606 1083 sortasse

80 1119 368 1160 Valckenarius
401 1118 550 1158 Callim.
582 1116 694 1168 Eleg.
722 1116 784 1156 Fr.
817 1128 854 1168 p.
875 1117 968 1156 289.
999 1115 1208 1156 addendus
1230 1120 1317 1165 est3
1347 1116 1607 1156 disertissime

82 1197 212 1233 autem
241 1191 502 1244 Spanhemius
535 1193 573 1228 et
608 1188 863 1228 Weichertus
896 1188 920 1228 l.
954 1187 978 1228 1.
1008 1201 1044 1240 p.
1076 1189 1143 1229 38.
1175 1189 1243 1228 81.
1282 1191 1394 1227 vetus
1426 1187 1475 1227 ad
1513 1200 1606 1227 eum

82 1266 212 1306 locum
256 1263 438 1303 scholion
478 1263 519 1301 in
560 1261 666 1301 hanc
705 1262 940 1301 sententiam
979 1262 1309 1313 interpretantur:
1353 1261 1607 1313 Apollonium

81 1349 188 1388 esse,
219 1335 284 1388 qui
317 1335 420 1374 hanc
448 1332 688 1374 Callimacho
722 1333 1043 1373 criminationem
1072 1334 1290 1382 obiecerit,
1321 1334 1426 1385 quod
1457 1334 1604 1374 nullum

80 1410 218 1450 facere
246 1420 431 1460 magnum
450 1418 591 1459 poema
624 1410 774 1458 posset.
833 1406 1024 1447 Scholion
1048 1411 1109 1446 cst
1131 1405 1181 1445 ad
1206 1404 1433 1445 Callimachi
1458 1420 1494 1445 v.
1515 1407 1606 1447 106.

81 1478 253 1531 (Gallim.
283 1479 439 1531 Fragm.
469 1477 607 1524 LXV.)
649 1476 755 1529 quod
796 1477 871 1516 iam
907 1476 1076 1517 vidimus
1107 1479 1147 1518 in
1180 1477 1503 1531 Prolegomenis:
1536 1480 1607 1531 ἑγ-

81 1556 204 1592 καλεϊ
223 1548 293 1591 διὰ
323 1551 481 1591 τούτων
513 1549 818 1601 (Callimachus)
857 1549 983 1597 τούς
1020 1549 1357 1598 σκώπτοντας
1387 1547 1515 1590 αὐτὸν
1547 1548 1603 1604 ptr)

81 1623 296 1664 δύνασθαι
337 1623 507 1675 ποιῆσαι
540 1624 646 1674 μέγα
682 1620 864 1674 ποίημα,
907 1616 1007 1661 ὅθεν
1046 1621 1293 1675 ἠναγκάσθη
1333 1625 1505 1674 ποιῆσαι
1534 1623 1608 1675 τήν

76 1695 270 1749 ζΕκιέλην.
328 1696 434 1736 Sane
462 1700 504 1734 ut
535 1694 584 1733 de
611 1693 825 1745 Apollonio
857 1695 1039 1746 cogites,
1071 1699 1232 1746 praeter
1261 1694 1334 1734 alia
1363 1695 1607 1747 inimicitiae,

82 1779 184 1819 quae
214 1767 285 1807 suit
313 1769 415 1808 inter
446 1767 726 1807 Callimachum
758 1771 796 1806 et
824 1767 1092 1819 Apollonium,
1124 1766 1270 1807 indicia
1295 1780 1343 1807 ac
1367 1769 1594 1808 testimonia

80 1839 160 1880 hoc
207 1841 378 1880 maxime
422 1841 519 1880 facit
561 1841 719 1880 minime
763 1840 1098 1880 contemnendum
1148 1846 1454 1893 argumentum,
1500 1839 1608 1894 quod

79 1912 315 1964 Apollonius
349 1925 534 1966 magnum
579 1914 664 1966 ipse
703 1925 846 1966 poema
879 1913 1048 1965 scripsit.
1110 1914 1353 1954 Callimacho
1388 1914 1468 1954 hoc
1500 1915 1609 1955 obii-

83 1997 192 2036 cere,
222 1986 326 2037 quod
362 1987 458 2026 nihil
488 1991 625 2040 posset
654 1986 800 2039 magni,
833 1985 872 2026 id
895 1997 983 2026 eum
1015 1986 1192 2039 inprimis
1221 1986 1405 2038 decebat,
1435 1989 1499 2039 qui
1522 1989 1608 2040 ipse

81 2070 269 2111 magnum
301 2071 444 2112 poema
474 2060 651 2099 fecisset.
709 2060 988 2100 Verumtamen
1021 2059 1084 2100 hic
1115 2061 1293 2100 rationes
1317 2059 1607 2112 expendendae

81 2136 173 2172 sunt
201 2133 415 2184 temporiS,
455 2132 665 2184 inquibus
695 2143 814 2183 esse,
856 2133 960 2185 quod
1007 2135 1267 2174 coniecturae
1308 2144 1381 2185 per
1423 2145 1467 2172 se
1509 2131 1606 2172 satis

82 2204 392 2245 commendabili
425 2205 578 2256 obstet,
606 2206 739 2245 video.
798 2206 839 2246 Si
870 2207 972 2246 enim
1004 2211 1093 2246 sunt
1121 2208 1161 2247 in
1196 2206 1371 2246 carmine
1402 2206 1606 2258 Apollonii

80 2279 163 2318 loci
191 2280 372 2330 expressi
393 2290 444 2318 ex
461 2278 610 2319 Hecale
631 2279 874 2330 Callimachi,
903 2279 968 2319 vel
998 2280 1036 2319 in
1068 2279 1209 2332 quihus
1237 2279 1489 2319 obversatam
1513 2289 1604 2318 esse

81 2348 295 2401 Apollonio
324 2349 501 2390 Hecalen
536 2350 763 2391 Callimachi
792 2351 877 2390 iure
912 2350 1084 2401 dixeris,
1117 2351 1337 2392 cuiusmodi
1369 2364 1460 2392 esse
1491 2349 1604 2390 locos

82 2422 185 2462 infra
218 2422 311 2474 Cap.
338 2422 385 2462 ll.
416 2428 456 2463 et
481 2423 544 2465 111.
579 2425 629 2465 ad
660 2426 815 2479 Fragm.
844 2425 941 2465 Hec.
968 2426 1105 2467 XLVI.
1136 2431 1175 2466 et
1203 2426 1334 2466 XLIV.
1368 2424 1534 2471 dicetur,
1563 2426 1606 2463 ut

81 2506 188 2534 nunc
208 2494 484 2547 Fragmentum
515 2509 603 2537 mea
635 2499 867 2538 coniectura
895 2498 946 2538 ad
968 2498 1145 2538 Hecalen
1175 2497 1431 2538 referendum
1457 2495 1603 2537 CCXII.

82 2572 262 2607 taceam:
302 2567 390 2609 fieri
427 2569 496 2608 vix
532 2573 689 2621 potest,
729 2573 772 2608 ut
802 2568 1037 2621 Apollonius
1068 2574 1224 2621 putetur
1264 2568 1298 2608 is
1341 2580 1458 2617 csse,
1497 2567 1607 2607 cuius

85 2641 361 2681 criminatione
390 2641 564 2681 irritatus
594 2644 710 2693 atque
741 2641 936 2681 excitatus
957 2641 1220 2681 Callimachus
1251 2642 1416 2693 primum
1449 2640 1500 2679 ad
1523 2640 1608 2680 He·-

84 2713 198 2753 calen
235 2713 490 2754 scribendam
521 2725 565 2753 se
607 2713 839 2753 accinxerit.
909 2713 993 2754 Nisi
1037 2713 1090 2753 ita
1127 2719 1303 2763 statuas,
1342 2711 1608 2766 Apollonium,

86 2798 203 2837 quum
234 2788 401 2840 primum
439 2787 646 2828 moliretur
682 2798 868 2840 magnum
910 2798 1070 2826 carmen
1112 2798 1248 2836 suum,
1289 2786 1607 2827 criminationem

84 2858 192 2900 illam
221 2860 261 2900 in
293 2860 575 2901 Callimachum
610 2859 804 2910 iactasse,
837 2863 915 2900 tum
957 2861 1280 2914 progredientem
1315 2861 1355 2901 in
1402 2871 1524 2914 opere
1558 2868 1609 2902 ex
