1856 3126
802 87 1081 125 -63-

167 203 413 258 Fulgentius,
443 199 567 240 ieiuni
599 199 821 240 fabularum
853 203 1119 255 interpretes,
1148 207 1187 242 et
1222 214 1274 242 ex
1307 203 1438 254 poetis
1465 202 1500 242 is
1532 201 1598 254 qui
1630 213 1706 243 va·-

166 278 348 317 rietatem
383 273 498 312 huius
529 270 687 311 fabulae
719 283 877 311 omnem
912 286 998 313 cum
1021 274 1355 326 explicationibus
1383 274 1545 315 fabulae
1575 284 1705 314 excu-

166 348 224 397 tit,
252 345 331 386 Ciri
364 357 400 383 v.
431 342 498 382 77.
556 342 625 383 Sin
656 347 787 382 autem
819 342 913 383 illud
943 348 1090 383 tantum
1121 349 1256 384 notum
1287 344 1496 386 tradiderit
1517 346 1706 387 Callima-

164 418 278 467 chus,
307 428 393 456 rem
424 414 613 454 habuisse
643 414 812 466 Scyllam
846 427 934 455 cum
955 416 1151 467 Neptuno,
1180 428 1262 456 non
1283 422 1370 456 erat
1392 430 1464 458 cur
1482 420 1704 460 κατακᾶσα

165 490 370 530 diceretur
401 491 629 539 propterea.
687 487 738 526 At
771 487 874 526 bene
908 486 1053 526 dicitur
1084 487 1301 527 κατακᾶσα
1319 488 1451 541 Scylla
1473 490 1572 542 Nisi,
1602 502 1704 542 quae

166 573 238 601 sua
270 558 439 600 libidine
469 563 626 610 patrem
656 558 832 610 perdidit
866 570 914 598 ac
945 557 1133 610 prodidit.

279 631 467 671 Fortasse
501 631 621 670 etiam
649 631 809 683 longius
850 641 1093 682 progressus
1130 629 1417 680 Callimachus,
1447 632 1594 684 aliquid
1629 646 1706 673 eo-

166 714 276 753 rum,
305 714 408 755 quae
441 707 554 743 extra
590 702 778 742 ambitum
811 702 996 751 Hecales,
1025 702 1236 754 praedixit.
1297 701 1376 741 hoc
1403 704 1546 743 modo:
1578 707 1706 744 inter-

165 774 260 814 fecti
280 774 491 827 Androgei
515 786 668 827 poenas
694 778 940 826 repetentem
960 773 1134 813 Minoem
1157 775 1323 826 primum
1347 774 1510 826 Megara
1534 777 1706 827 cepisse,

165 847 311 887 deinde
361 848 518 888 vexatis
561 847 747 886 diuturno
795 845 899 885 bello
946 845 1261 885 Atheniensibus
1312 846 1476 886 crudele
1520 847 1703 887 tributum

161 919 400 972 imperasse,
433 920 645 971 quotannis
680 918 906 958 deflendum
941 919 1050 969 civi,
1091 918 1216 957 donec
1246 917 1538 970 Labyrinthum
1566 920 1706 958 reclu-

159 990 236 1038 sit,
269 995 308 1030 et
337 989 524 1042 χαλεπὸν
553 992 730 1044 μύκημα
762 990 833 1030 καί
863 986 1007 1048 ἄγειρον
1038 986 1112 1030 υἷα
1142 987 1402 1044 Πασιφάης,
1439 996 1479 1030 ut
1516 1003 1603 1031 mea
1639 991 1706 1032 sa-

160 1064 264 1102 ciam
297 1063 422 1102 verba
453 1075 505 1102 ex
546 1063 694 1114 hymno
729 1065 766 1103 in
806 1063 944 1102 Delum
980 1075 1016 1101 v.
1046 1062 1140 1102 310.
1212 1062 1470 1109 Callimachi,
1513 1064 1710 1103 exstinoeit

159 1146 210 1173 ac
239 1134 401 1173 sustulit
429 1146 560 1174 nouus
589 1135 709 1174 heros
742 1135 904 1173 vindex.
965 1135 1083 1184 Sive,
1115 1138 1154 1172 ut
1188 1134 1236 1173 ab
1269 1135 1348 1173 alio
1393 1135 1570 1175 colorem
1615 1149 1706 1176 mu-

161 1210 316 1246 tuemur
346 1209 543 1246 orationis
576 1209 789 1258 poeticae:
839 1206 971 1246 donec
1012 1205 1265 1245 lamentabile
1303 1205 1486 1246 Athenae
1523 1209 1704 1259 pendere

160 1280 367 1319 desierunt
401 1279 556 1318 Thesea
584 1279 703 1318 laude
730 1278 932 1317 tributum.
993 1279 1136 1330 Aptum
1178 1278 1269 1318 huic
1299 1278 1567 1330 praedictioni
1600 1291 1705 1319 con-

163 1350 388 1390 cludendae
419 1356 504 1389 erat
534 1350 691 1403 Fragm.
724 1349 871 1389 CCXll.

331 1420 403 1460 καί
430 1420 480 1461 τά
510 1425 589 1473 μὲν
622 1418 678 1469 ὥς
710 1415 861 1474 ἤμελλε
893 1418 998 1470 μετὰ
1028 1419 1186 1473 χρόνον
1215 1418 1495 1461 ἐκτελέεσθαι.

161 1495 247 1534 Etsi
281 1494 483 1534 fatendum
515 1499 578 1534 est
619 1506 708 1533 eum
744 1505 902 1532 versum
937 1494 1057 1532 etiam
1103 1493 1189 1533 aliis
1222 1492 1394 1532 Hecales
1425 1494 1528 1534 locis
1564 1496 1706 1547 aptari,

164 1567 227 1606 vel
258 1567 307 1605 ad
343 1578 504 1606 carmen
539 1566 683 1605 referri
717 1577 839 1617 posse
873 1564 992 1604 aliud.
1052 1564 1131 1605 Sed
1163 1568 1293 1604 tamen
1317 1576 1593 1617 quaecumque
1616 1567 1707 1618 epi-

163 1650 237 1677 cae
273 1638 448 1689 speciem
479 1637 689 1690 gravitatis
720 1649 817 1688 prae
848 1648 893 1675 se
927 1636 1059 1675 serunt
1088 1635 1311 1689 fragmenta
1348 1637 1605 1688 Callimachi,
1641 1640 1706 1678 l'a-

163 1710 279 1750 cilius
308 1723 356 1750 ae
387 1710 526 1749 melius
558 1709 608 1748 ad
643 1709 820 1748 Hecalen
852 1719 994 1760 poema
1016 1739 1026 1759 ,
1065 1720 1182 1760 quam
1214 1709 1264 1748 ad
1296 1709 1432 1759 aliud,
1462 1709 1704 1751 referentur.

164 1783 359 1830 Quantum
391 1780 657 1821 Callimachus
690 1782 880 1832 temporis
908 1780 1139 1819 interfuisse
1173 1781 1276 1820 inter
1298 1781 1475 1821 Hecalen
1506 1787 1545 1822 et
1575 1796 1706 1836 expe-

164 1854 357 1894 ditionem
388 1854 619 1893 Cretensem
645 1855 857 1906 putaverit,
892 1853 998 1892 nullo
1027 1853 1120 1893 mihi
1152 1853 1312 1905 quidem
1346 1854 1496 1895 indicio
1532 1862 1704 1898 constat.

159 1927 219 1968 Ex
250 1927 396 1980 hymno
431 1928 469 1966 in
502 1927 586 1967 Del.
619 1926 642 1965 l.
678 1926 702 1966 l.
736 1926 773 1965 id
808 1930 956 1966 tantum
984 1926 1156 1965 efficitur
1185 1926 1384 1978 probabili
1414 1928 1550 1979 modo,
1577 1929 1706 1969 fuisso

160 2005 239 2040 tuin
287 2000 484 2039 Theseum
532 1998 667 2050 pueris
686 2029 696 2048 ,
745 1999 993 2046 παίδεσσιν,
1054 2010 1155 2049 quos
1199 1998 1445 2049 reducebat,
1496 2001 1705 2042 maiorem.

163 2067 365 2124 ἤμελλε,
398 2071 505 2123 quod
538 2071 793 2110 Homericum
835 2082 915 2109 non
950 2074 1033 2120 est,
1078 2070 1111 2110 si
1156 2070 1397 2110 discesseris
1439 2084 1460 2110 a
1506 2072 1703 2113 Zenodoti

162 2144 272 2184 lliad.
302 2143 385 2183 XII.
418 2141 484 2182 34.
519 2143 733 2194 scriptura,
765 2141 1032 2182 Callimachus
1064 2142 1130 2181 hic
1166 2147 1202 2181 et
1234 2143 1271 2182 in
1296 2142 1334 2182 h.
1357 2144 1440 2183 Del.
1464 2145 1528 2183 58.
1558 2152 1702 2185 aucto-

160 2216 277 2255 ritate
308 2216 407 2255 dixit
439 2215 620 2264 Hesiodi,
651 2227 724 2255 suo
756 2214 1004 2266 aliorumque
1031 2215 1212 2254 eiusdem
1244 2215 1410 2255 scholae
1441 2229 1577 2267 more,
1606 2230 1701 2257 ser-

160 2299 320 2328 monem
350 2290 565 2340 poeticum,
597 2287 708 2326 cuius
738 2287 779 2325 in
808 2286 1037 2326 universum
1057 2287 1271 2326 Homerica
1305 2286 1428 2325 dictio
1459 2287 1702 2328 fundamen-

162 2365 240 2399 tmn
274 2364 357 2409 est,
391 2359 670 2412 undecumque
701 2358 835 2398 verbis
868 2358 1087 2411 formisque
1120 2359 1333 2398 verborum
1365 2371 1444 2398 non
1477 2359 1701 2401 Homericis

161 2432 460 2484 locupletandi:
508 2432 558 2471 de
597 2442 676 2482 quo
706 2441 820 2470 more
851 2442 931 2469 non
966 2442 1065 2483 opus
1097 2436 1157 2470 est
1199 2435 1240 2470 ut
1281 2430 1328 2470 ad
1370 2431 1500 2469 omnia
1542 2433 1698 2484 singula

161 2515 362 2542 moneam.
420 2503 557 2543 statuo
589 2506 722 2541 autem
755 2501 978 2560 cumaliis,
1009 2500 1274 2550 Ruhnkenio,
1303 2502 1545 2553 Spanhemio
1578 2505 1626 2543 ad
1658 2505 1696 2545 h.

160 2575 291 2627 Apoll.
329 2575 419 2615 105.
479 2573 688 2614 Gerhardo
732 2574 842 2614 Lect.
872 2573 1057 2625 Apollon.
1096 2586 1133 2625 p.
1165 2576 1203 2612 ὅ.
1265 2573 1498 2615 Weicherto
1538 2576 1588 2615 de
1617 2578 1697 2617 vita

162 2652 202 2687 et
232 2659 353 2688 carm.
388 2646 589 2698 Apollonii
629 2645 756 2685 Rhod.
800 2658 835 2697 p.
868 2647 935 2685 55.
975 2646 1076 2684 haec
1120 2646 1237 2697 plane
1282 2647 1367 2698 ipsa
1413 2647 1535 2687 verba
1574 2648 1698 2688 tuisse

161 2719 418 2759 Callimachi:
461 2716 532 2756 καί
573 2714 622 2757 τοὶ
654 2719 732 2767 μὲν
775 2714 831 2763 ὥς
878 2711 1028 2770 ἤμελλε
1066 2715 1171 2766 μετὰ
1219 2715 1370 2769 χρόνον
1417 2720 1696 2760 ἐκτελέεσθαι.

161 2794 236 2833 etsi
268 2794 334 2845 qui
368 2791 626 2832 conservavit
658 2791 737 2830 hoc
782 2790 1068 2843 l'ragmenttun,
1107 2795 1221 2830 vetus
1265 2790 1462 2842 interpres
1492 2791 1697 2844 Apollonii
