1856 3126
743 101 1022 141 ...74-

120 220 254 262 danda
286 231 402 260 esse:
444 216 646 271 Κόλουρα
680 219 949 273 Κολουραΐος
970 251 983 274 ,
1027 218 1152 268 τόπος
1189 220 1288 273 περί
1327 217 1559 273 Τροιζῆνα,
1589 218 1654 259 vel

120 292 367 348 Τροιζήνην.

229 363 404 403 Fabulae
433 372 550 413 quam
580 371 802 413 narramus,
836 361 901 402 hic
933 362 1005 403 suit
1034 362 1348 415 simplicissimus
1381 374 1540 414 sensus,
1571 374 1653 403 non

113 440 155 477 ut
183 446 303 475 manu
331 433 509 474 Theseus
539 432 717 486 gladium
747 433 990 487 calceosque
1020 435 1200 475 Athenas
1230 440 1420 488 portaret,
1450 440 1655 475 monstra-

112 512 253 560 retque
283 507 451 560 Aegeo,
481 505 553 545 sed
582 510 624 545 ut
652 505 818 558 primum
852 507 1012 546 iuventa
1059 511 1177 560 atque
1215 512 1327 546 eruta
1367 519 1440 547 sua
1486 507 1654 558 faceret,

113 579 298 620 indueret
343 579 505 618 calceos
551 589 584 617 s.
617 578 830 630 crepidas,
870 579 1054 631 cingeret
1095 578 1196 619 latus
1236 579 1556 632 gladio,-atque
1600 579 1655 618 ita

116 651 419 706 agnoscendum
451 662 497 691 se
530 649 693 690 offerret
722 650 836 701 patri.
898 650 1023 698 Quem
1055 662 1216 691 sensum
1249 651 1332 691 dixi
1362 650 1544 700 fabulae,
1575 650 1656 689 ob-

114 737 234 766 scure
282 723 514 764 Plutarchus
564 727 603 762 et
650 722 922 775 Apollodorus
977 724 1236 778 significant,
1287 735 1404 776 quum
1448 723 1655 763 scribunt:

113 800 293 850 πέμπειν
323 795 557 847 (Aethram)
590 792 695 849 πρὸς
727 792 857 841 αὐτὸν
884 792 1086 847 ἔχοντα
1113 813 1176 836 τα
1194 797 1304 846 stra,
1332 795 1396 835 vel
1427 794 1518 835 τότε
1544 796 1657 845 μέτ’

114 870 301 911 αὐτῶν
341 864 471 909 αὐτὸν
503 868 791 920 alamannam
839 873 878 907 et
908 867 1136 909 Eustathius
1179 868 1228 908 ad
1265 868 1431 920 Dionys.
1465 867 1501 907 P.
1536 866 1654 906 1017.

114 939 252 983 ἐλθών
279 939 418 993 μετὰ
450 940 528 980 τοῦ
557 941 707 992 ξίφους
740 938 813 979 καί
842 940 924 980 τῶν
959 941 1141 980 πεδίλων
1167 942 1248 980 τῶν
1278 940 1516 992 πατρικῶν,-
1554 951 1654 991 per-

115 1014 254 1064 spicue
285 1012 517 1053 Plutarchus
553 1025 587 1054 c.
626 1012 688 1050 12.
722 1015 764 1050 ut
804 1015 961 1051 taceam
994 1011 1122 1062 a1i0s3
1168 1024 1285 1052 nemo
1318 1012 1504 1053 disertius
1539 1024 1655 1064 quam

117 1085 308 1135 Tzetzes,
340 1095 423 1124 non
467 1085 597 1125 bonus
629 1089 795 1133 auctor,
829 1085 901 1124 sed
935 1086 1001 1125 ubi
1039 1098 1112 1139 per
1153 1098 1197 1126 se
1240 1086 1346 1126 bona
1393 1086 1531 1136 tradit,
1572 1096 1655 1124 non

119 1155 469 1206 contemnenduS,
504 1155 553 1194 ad
582 1156 781 1210 Lycophr.
812 1154 909 1197 494.
949 1159 1001 1212 τῇ
1032 1158 1077 1198 δὲ
1107 1157 1256 1215 Αἴθρᾳ
1287 1156 1562 1211 garzensem,-
1586 1153 1662 1197 ἐὰν

121 1225 213 1275 υἱός
243 1228 286 1276 ἐξ
316 1221 447 1280 αὖτῆς
474 1229 671 1284 γεννηθῇ,
702 1230 839 1279 δεῖξαι
873 1229 993 1287 αύτῷ
1016 1227 1090 1283 τὴν
1123 1231 1292 1283 πέτραν,
1315 1230 1384 1269 καὶ
1409 1228 1593 1282 λαβόντα
1615 1225 1661 1269 τὸ

118 1301 254 1353 ξίφος,
283 1298 356 1340 καί
386 1297 671 1351 ἐνδυσάμενοι)
703 1299 753 1342 τὰ
784 1298 1056 1356 ὑποδήματα,
1086 1295 1187 1342 ὅταν
1218 1299 1336 1358 αὐτῷ
1367 1298 1662 1356 ἐφαρμὸσωσι,

116 1370 190 1411 καί
221 1371 387 1427 δυνηθῇ
417 1371 583 1424 κινῆσαι
614 1370 658 1412 τὸ
692 1375 836 1428 ξίφος,
867 1377 985 1413 πλεῖν
1012 1373 1071 1421 εἰς
1099 1368 1294 1426 Ἀθήνας,
1326 1369 1349 1411 ὃ
1369 1373 1442 1413 καί
1469 1370 1663 1425 ἐποίησεν

118 1442 344 1495 αὐξηθείς,
379 1440 448 1482 διὰ
483 1442 724 1497 γνωρισμὸν
755 1447 830 1485 τοῦ
861 1443 1031 1499 πατρός.
1100 1445 1202 1484 Hinc
1234 1444 1427 1484 credibile
1457 1448 1541 1496 est,
1582 1443 1661 1483 ali-

118 1514 213 1568 quid
244 1514 293 1554 de
321 1514 413 1554 eius
444 1513 568 1566 gladii
604 1515 756 1566 forma,
794 1516 858 1556 vel
887 1518 1005 1556 etiam
1036 1516 1165 1569 magis
1202 1516 1251 1555 de
1281 1517 1466 1569 origine,
1500 1527 1660 1556 memo-

118 1587 246 1628 rabile
279 1586 480 1627 cecinisse
513 1588 812 1639 antiquitatem,
854 1588 974 1640 idque
1009 1599 1090 1628 non
1123 1588 1300 1627 defuisse
1336 1588 1440 1641 apud
1471 1587 1660 1628 Callima-

121 1659 261 1710 chum,
290 1659 403 1699 cuius
433 1659 520 1710 ipsa
549 1659 698 1710 verba,
729 1659 773 1699 ἐν
801 1658 881 1711 γάρ
914 1674 1006 1711 μιν
1040 1658 1393 1714 Τροιζῆνι-θῆκε
1421 1658 1500 1700 σὺν
1531 1658 1662 1713 (ἱρηί-

122 1731 282 1783 ὃεσσιν,
314 1731 509 1782 suadent,
539 1736 581 1771 ut
614 1731 663 1771 de
695 1732 831 1784 gladio
862 1733 901 1772 in
932 1732 1267 1784 praecedentibus
1290 1732 1492 1785 aliquanto
1513 1731 1660 1771 dictum

123 1803 250 1843 fuisse
281 1803 445 1844 uberius
479 1804 686 1844 coniicias.
748 1804 867 1858 ξίφος
891 1803 1027 1844 dicunt
1058 1804 1253 1858 plerique,
1285 1804 1516 1845 Plutarchus
1536 1803 1661 1845 semel

119 1872 355 1930 μάχαιραν,
388 1887 424 1916 c.
459 1876 522 1916 12.
557 1877 740 1930 οἶσκέρας
770 1902 823 1907 -
858 1877 930 1916 καί
957 1875 1178 1930 φασγάνου
1211 1877 1408 1931 ζωστῆρα
1438 1877 1512 1917 καί
1540 1875 1661 1930 ξίφος

120 1946 279 1998 πατρός
307 1947 534 2001 Lycophro.
595 1949 684 1989 Non
714 1948 875 1988 multum
914 1948 1045 1987 tribuo
1079 1949 1316 1988 testimoniis
1346 1961 1368 1988 a
1402 1948 1576 1988 llleursio
1609 1947 1661 1987 de

122 2015 302 2070 Regibus
345 2019 650 2060 Atheniensium
693 2021 758 2061 III.
801 2021 837 2059 1.
879 2019 1085 2071 collectis,
1130 2020 1264 2060 Ovidii
1295 2020 1375 2060 VII.
1415 2018 1509 2060 422.
1555 2019 1660 2072 apud

123 2100 240 2140 quem
264 2095 414 2141 pater,
442 2092 630 2145 Aegeus,
658 2092 700 2131 in
731 2093 876 2144 capulo
903 2093 1030 2145 yla-clii
1059 2095 1244 2146 coynovz't
1270 2093 1421 2133 eburno
1442 2092 1566 2146 Siqua
1594 2092 1660 2132 sui

121 2161 281 2213 yeneris
296 2174 311 2209 ,·
338 2163 544 2213 Senecae,
570 2164 634 2215 qui
662 2163 785 2217 gladii
811 2177 1091 2217 possessorem
1109 2197 1119 2217 ,
1147 2170 1239 2219 post
1265 2165 1446 2218 Aegeum
1478 2169 1518 2205 et
1547 2165 1659 2205 The-

123 2244 264 2284 seum,
297 2234 550 2288 Hippolytum
581 2236 704 2286 facit,
733 2238 888 2290 Hippol.
920 2250 957 2278 V.
986 2238 1083 2279 899.
1143 2238 1255 2286 Quae
1283 2238 1425 2277 horum
1466 2249 1559 2277 esse
1589 2238 1660 2277 in·-

124 2310 245 2346 venta
276 2312 483 2358 poetarum
514 2309 678 2349 dixeris.
739 2310 909 2350 Gravius
940 2311 1088 2364 Hygini
1115 2310 1223 2350 Poet.
1252 2310 1414 2349 Astron.
1429 2309 1476 2349 Il.
1506 2309 1544 2348 6.
1575 2320 1660 2349 non

125 2379 354 2430 neglectum
384 2379 650 2431 ihiMeursio,
683 2382 951 2424 testimonIum
983 2387 1066 2422 est:
1097 2380 1357 2433 Heqesicmaoe
1389 2385 1521 2421 autem
1549 2380 1660 2428 (En-

124 2451 318 2500 gonasin)
356 2449 509 2491 Thesea
537 2452 640 2492 dixit
668 2465 782 2502 esse,
800 2454 883 2505 'qui
918 2454 1120 2493 Troezene
1147 2465 1296 2493 samam
1325 2453 1516 2493 eoelollere
1543 2452 1661 2492 vide-

126 2524 219 2559 tur.-
249 2521 356 2572 quod
389 2522 645 2562 existimatur
674 2522 833 2576 Aeyeus
862 2523 937 2563 sub
979 2536 1025 2564 eo
1054 2535 1161 2563 saaeo
1189 2523 1392 2575 Ellopium
1420 2535 1554 2579 ensem
1576 2534 1660 2574 po-

126 2591 275 2640 suisse,
305 2597 343 2632 et
369 2593 548 2634 Aethrae
580 2594 720 2635 Thesei
749 2596 870 2635 matri
895 2595 1172 2648 praedixisse,
1204 2600 1244 2636 et
1276 2608 1313 2648 q.
1345 2608 1432 2648 seq.
1462 2595 1528 2636 ubi
1557 2605 1658 2636 sane

128 2674 278 2715 operae
318 2667 486 2716 pretium
529 2672 611 2719 est,
653 2667 694 2708 in
735 2666 938 2719 Ellopium
980 2679 1119 2708 ensem
1157 2667 1385 2719 inquirere,
1421 2665 1657 2719 praesertim

129 2747 248 2787 quum
281 2748 368 2775 eam
406 2738 444 2776 in
480 2750 563 2778 rem
596 2743 673 2780 tam
706 2739 852 2780 bonum
892 2745 1098 2780 auctorem
1138 2740 1285 2779 excitet
1324 2738 1524 2790 Hyginus:
1566 2749 1657 2777 nam

128 2819 232 2861 quae
262 2807 486 2861 adscripsi,
517 2809 623 2851 haud
655 2811 773 2852 dubie
805 2812 1102 2865 Hegesianacte
1141 2816 1307 2852 auctore
1347 2808 1467 2851 tradit
1498 2809 1659 2859 omnia3
