1820 3141
798 139 1075 176 ...11-

184 257 270 297 Vol.
289 255 348 296 IV.
370 266 406 306 p.
429 255 517 294 101.
550 253 738 294 Scholion
759 254 950 305 praebuit.
997 255 1158 296 Scilicet
1188 255 1226 294 in
1256 252 1454 300 versibus,
1485 259 1583 302 quos
1616 259 1694 288 un·-

185 329 285 368 cinis
315 331 487 377 notatos,
516 326 700 366 Ernestio
731 330 962 376 praeeunte,
993 328 1158 379 apposui
1190 328 1251 366 15.
1278 329 1317 366 ct
1339 323 1400 364 16.
1429 322 1507 362 hoc
1537 331 1695 370 semper

183 403 333 438 certum
361 398 455 437 mihi
487 403 526 437 et
553 397 694 448 multis,
722 402 764 437 ut
794 401 903 450 puto,
934 398 1022 438 aliis
1052 399 1194 449 suerat,
1227 399 1266 438 in
1298 401 1376 437 tam
1406 395 1522 436 simili
1551 403 1693 432 versus

183 471 386 522 utriusque
415 470 539 520 initio,
570 469 661 522 τρῖς
690 469 727 508 δ”
755 468 825 508 ἐπὶ
850 471 1002 520 mittit,
1035 468 1126 520 τρῖς
1155 470 1191 509 δ’
1222 468 1292 509 ἐπὶ
1319 470 1477 520 namq,
1511 463 1696 505 indicium

154 554 275 582 „csse
303 541 612 594 perturbationis
643 539 807 579 alicuius
840 542 956 590 atque
989 539 1304 591 interpolationis
1330 538 1512 589 positum.
1568 535 1695 574 Prae·-

184 618 296 654 terea
316 615 355 653 in
384 617 495 665 parte
526 612 750 664 posteriore
777 621 918 650 versus
942 609 1004 650 lo'.
1034 608 1223 662 χαμάδις
1250 621 1380 660 neque
1412 620 1484 660 per
1511 619 1555 648 sc
1579 605 1696 646 valde

182 687 325 739 placet,
353 689 513 738 propter
542 685 743 724 licentiam
772 683 991 732 metricam,
1022 686 1062 722 et
1094 693 1208 734 quum
1240 680 1428 720 librorum
1460 679 1696 718 auctoritate

181 767 264 796 non
292 766 454 807 prorsus
498 758 619 794 tutum
657 758 790 804 esset,
819 755 1073 794 coniecturas
1105 751 1354 805 procreavit,
1383 749 1572 790 Bentleii:
1604 751 1698 803 τρίς

183 829 222 867 ‹5’
255 827 325 867 ἐπί
357 823 644 878 Καλλιχόροιο
673 823 817 878 χαμαὶ
853 822 1082 865 ἐκαθίσσαο
1114 824 1255 879 φρητί.
1312 822 1341 863 Ι.
1384 821 1431 862 H.
1472 822 1604 862 Vossii
1644 821 1696 861 ad

182 898 295 938 Hom.
331 896 462 949 hymn.
494 897 582 937 Cer.
611 896 676 937 99.
708 908 769 949 sq.
794 896 922 936 hanc:
962 893 1053 947 τρῖς
1082 895 1118 934 δ’
1147 895 1217 936 ἐπί
1248 893 1504 948 Καλλιχόριιι)
1541 892 1702 945 α’χαρεῖ

182 967 412 1010 ἐκαθίσσαο
440 971 582 1025 πέτρᾳ.
656 968 750 1018 Sed,
782 968 889 1020 quod
918 968 1004 1020 plus
1035 971 1107 1017 est,
1139 965 1191 1006 ad
1211 965 1446 1012 sententiam
1468 975 1609 1004 versus
1633 963 1696 1003 16.

183 1040 249 1091 qui
278 1044 339 1079 est
370 1040 419 1080 de
446 1044 539 1079 nota
570 1040 754 1079 sessione
783 1038 885 1090 apud
917 1037 1181 1078 Callichorum
1209 1041 1384 1089 puteum,
1415 1035 1505 1089 τρῖς
1538 1037 1575 1075 δ’
1602 1035 1697 1076 illud

183 1112 269 1152 fere
297 1113 468 1164 ineptum
497 1112 623 1152 videri
655 1111 859 1151 debuerat.
917 1112 1004 1151 Hoc
1036 1115 1364 1161 consentaneum,
1390 1109 1564 1161 primum
1595 1120 1700 1148 con-

182 1183 366 1233 sedisse,
396 1187 512 1236 atque
547 1182 783 1222 consedisse
816 1182 954 1233 semel,
988 1182 1197 1232 Cererem,
1228 1186 1436 1234 postquam
1479 1185 1539 1221 ter
1579 1192 1699 1221 cursu

181 1267 263 1295 non
291 1255 508 1306 interrupto
537 1268 749 1308 permensa
782 1256 919 1295 orbem
950 1260 1142 1294 terrarum
1176 1258 1299 1294 essct.
1373 1254 1498 1302 Quam
1541 1255 1700 1294 sessio-

181 1339 274 1368 nem
305 1326 451 1367 deindc
485 1329 642 1380 excepit
678 1328 879 1368 celebrata
918 1327 1061 1366 sabulis
1099 1327 1306 1378 hospitalis
1335 1327 1523 1378 receptio.
1584 1326 1701 1374 Quod

182 1411 287 1440 nunc
320 1399 413 1439 dicit
443 1411 605 1449 versus,
633 1403 694 1438 ter
722 1399 956 1438 consed1sse
987 1398 1123 1437 deam:
1154 1398 1347 1449 primum,
1377 1401 1584 1450 postquam
1612 1399 1699 1450 pri-

182 1485 286 1513 mum
317 1483 473 1512 cursum
501 1471 771 1521 al>solvisset3
797 1470 1031 1528 secundum,
1061 1474 1268 1522 postquam
1298 1470 1539 1521 secundum,
1572 1475 1610 1510 et
1638 1471 1699 1511 sic

182 1556 330 1597 porro,
361 1543 401 1583 id
431 1542 516 1582 fere
546 1542 752 1583 ridiculum
785 1547 856 1583 est.
969 1543 1108 1583 Mirum
1126 1574 1137 1594 ,
1171 1543 1212 1583 ni
1241 1541 1317 1581 huc
1348 1544 1547 1594 pertineat
1575 1543 1697 1583 Calli-

180 1618 311 1658 machi
338 1628 490 1667 versus,
519 1617 585 1669 qui
616 1618 838 1657 continetur
868 1616 934 1657 illo
958 1616 1009 1656 ad
1041 1616 1254 1656 Clementis
1278 1616 1467 1667 Protrcpt.
1488 1629 1525 1668 p.
1549 1616 1612 1667 16,
1628 1617 1694 1657 32.

182 1692 277 1731 Pou.
313 1689 491 1731 scholio:
536 1693 754 1745 φρέατι·
795 1688 840 1730 τὸ
871 1691 1008 1745 φρέαρ
1048 1691 1297 1742 καλλίχορον
1331 1686 1367 1730 οἱ
1399 1688 1574 1730 παλαιοί
1601 1688 1696 1730 ὀνο..

179 1761 386 1816 μα’ζουσι·
423 1761 703 1816 Καλλίμαχός
733 1778 874 1817 φησιν·

344 1835 580 1892 καλλιχόρῳ
610 1833 680 1876 ὲπί
707 1835 839 1889 φρητί
864 1834 1039 1884 καθέζεο
1068 1831 1219 1881 παιδὸς
1246 1830 1475 1881 ἄπαυστος.

183 1908 270 1955 Quo
305 1919 427 1948 versu
463 1912 626 1960 recepto
673 1908 726 1947 ita
769 1918 918 1946 censeo
963 1907 1346 1958 repraesentandum
1388 1918 1480 1946 esse
1524 1906 1693 1955 interea,

183 1980 314 2019 donec
342 1980 442 2020 alius
473 1979 676 2019 cuiusdam
706 1990 832 2031 aeque
875 1977 970 2018 boni
1003 1977 1114 2017 testis
1147 1989 1223 2030 ope
1262 1979 1491 2018 restituatur
1527 1978 1696 2032 integer,

181 2053 313 2094 locum
343 2053 595 2094 Callimachi:

344 2127 435 2178 τρίς
464 2125 542 2177 μὲν
573 2122 623 2177 δὴ
657 2123 796 2176 ὃιέβης
822 2119 1048 2175 Ἀχελώϊον
1077 2121 1370 2175 α’ργυροδίναν,

342 2196 515 2239 τοσσάκι
543 2196 581 2237 ‹5'
610 2195 769 2236 αἐνάων
800 2195 998 2248 ποταμῶν
1031 2194 1241 2249 ἐπέρασας
1270 2195 1456 2245 ἕκαστον,

223 2271 286 2310 15.
341 2269 431 2323 τρίς
459 2270 496 2310 ‹5’
524 2269 594 2309 ἐπὶ
619 2270 740 2307 καλλι
761 2295 1325 2308 .........

345 2338 601 2397 Καλλιχόρῳ
632 2340 668 2380 δ’
697 2335 767 2379 ὲπί
794 2339 925 2394 φρητί
952 2340 1128 2390 καθέζεο
1158 2336 1310 2388 παιδὸς
1340 2332 1545 2391 ἄπυστος,

351 2413 590 2464 αὕσταλὲα,
622 2416 696 2452 etc.

186 2484 295 2524 Haec
325 2496 441 2536 quum
472 2486 512 2524 in
551 2484 692 2525 codice
722 2484 882 2536 antiquo
925 2484 979 2524 ita
1025 2484 1198 2536 scripta,
1226 2487 1268 2522 ut
1309 2482 1358 2522 de
1389 2493 1510 2522 versu
1540 2482 1602 2521 15.
1645 2494 1693 2523 ca

183 2560 351 2607 tantum,
384 2569 483 2608 quae
510 2558 698 2609 apposui,
728 2557 768 2597 in
798 2568 918 2596 versu
948 2560 1078 2596 autem
1113 2555 1174 2596 16.
1206 2555 1310 2595 haec
1349 2560 1498 2595 tantum
1526 2555 1694 2595 Καλλι-

180 2628 296 2684 χόρῳ
328 2629 399 2669 ἐπὶ
422 2630 551 2683 φρητί
571 2630 747 2679 καθέζεο
774 2632 1065 2681 comparerent,
1094 2628 1314 2668 invenisset
1339 2627 1522 2668 librarius
1542 2626 1695 2680 aliquis,

181 2713 233 2740 ex
273 2701 334 2740 his
374 2701 517 2741 laceris
558 2700 724 2741 duorum
757 2713 944 2741 versuum
978 2700 1165 2740 membris
1211 2711 1371 2741 versum
1413 2712 1556 2751 unum,
1602 2701 1693 2752 τρῖς

183 2774 220 2813 δ’
246 2773 317 2813 ἐπὶ
349 2771 606 2828 Καλλιχόρῳ
634 2770 819 2825 χαμάδις
849 2773 934 2822 (vel
964 2769 1254 2827 Καλλιχόροιο
1274 2771 1435 2826 χαμαί)
1463 2772 1692 2814 ἑκαθίσσαο

185 2846 341 2901 qemi,
377 2844 660 2898 conglutinavit
702 2842 990 2898 adscripsitquc
1037 2844 1078 2885 in
1125 2844 1320 2899 margine.
1391 2843 1490 2885 Eum
1531 2855 1691 2884 versum
