1856 3126
803 107 1079 147 -53-

181 234 323 276 poema
354 223 491 262 suerit:
523 224 596 262 sed
628 235 745 276 quum
775 235 938 279 carmen
971 225 1089 264 etiam
1124 225 1374 274 continuum,
1404 224 1586 276 epicum,
1617 235 1710 264 suas

182 295 374 349 quasdam
405 298 538 346 partes
570 300 609 336 et
648 297 752 335 facta
786 296 928 336 ordine
961 297 1133 349 quodam
1166 297 1385 349 disposita,
1417 301 1460 336 ut
1487 309 1607 337 unum
1640 308 1716 336 ex-

183 368 303 419 cipiat
333 366 512 416 alterum,
546 367 715 417 habeat,
748 380 822 408 nos
854 369 913 407 sie
945 368 1239 419 distinguendis
1272 369 1334 408 his
1365 370 1542 421 partibus
1572 369 1715 410 factis-

181 451 258 492 que
287 440 499 479 commode
533 452 746 492 sequemur
777 440 1104 493 progredientem
1136 441 1332 491 paullatim
1357 447 1542 493 poetam,
1574 446 1613 481 et
1641 453 1717 494 pe-

179 512 394 552 riculosum
425 523 524 563 opus
566 524 638 564 per
675 524 747 552 sna
792 513 905 564 quasi
947 511 1119 551 tabulata
1161 512 1528 554 exaedificabimus.
1603 514 1715 562 Quae

180 589 310 630 autem
342 584 505 634 faciunt,
538 589 579 623 ut
613 588 766 624 tentare
796 584 888 633 hoc,
920 589 958 623 et
988 583 1270 636 redintegrare
1299 585 1486 624 carminis
1517 585 1715 637 deperditi

178 668 251 709 per
278 668 372 696 suas
405 660 552 708 partes,
583 656 845 708 ordinemque
877 657 1061 708 partium,
1088 656 1303 707 imaginem
1333 655 1466 703 liceat,
1501 656 1602 696 haec
1624 660 1716 696 sunt

180 734 362 782 quatuor.
424 729 551 768 Primo
576 729 681 778 illud,
713 729 762 767 dc
792 739 870 780 quo
903 729 939 767 in
959 728 1261 780 Prolegomenis
1293 741 1327 779 p,
1348 729 1385 768 5.
1418 728 1577 777 dictum,
1608 729 1716 781 quod

181 801 232 841 de
282 807 518 854 argumento
573 801 799 853 ambituque
861 801 1032 840 Hecales
1082 801 1203 839 certis
1256 801 1495 840 testimoniis
1545 806 1716 841 constat.

181 873 337 914 Deinde
370 886 473 926 quae
507 873 556 913 dc
588 874 703 912 saetis
735 873 903 921 Thesei,
936 872 1210 924 factorumque
1244 872 1408 921 ordine,
1438 872 1717 925 mythographi

181 946 246 985 vel
277 946 458 986 historici
494 950 659 985 narrant
688 944 774 985 alii:
809 944 858 983 de
892 956 970 997 quo
1003 945 1268 998 significatum
1300 943 1455 996 Prolcg.
1487 957 1523 997 p.
1559 943 1620 984 14.
1652 943 1718 985 ⁶26.

179 1017 274 1058 Tum
305 1022 493 1058 accurata
529 1018 855 1071 fragmentorum,
887 1029 989 1069 quae
1019 1030 1071 1056 ex
1103 1016 1252 1056 Hecale
1276 1015 1496 1056 afferuntur
1525 1029 1546 1056 a
1577 1028 1720 1070 gram-

181 1090 352 1140 maticis,
382 1090 446 1130 vel
480 1101 582 1141 quae
613 1094 702 1142 apta
735 1090 945 1129 videantur
968 1089 1017 1128 ad
1047 1088 1127 1128 hoc
1147 1093 1440 1141 argumentum,
1471 1089 1718 1129 observatio,

179 1161 370 1213 Denique
411 1162 657 1202 coniectura.
728 1162 776 1201 Et
818 1162 892 1202 hac
939 1162 1099 1213 quidem
1145 1166 1223 1201 tum
1266 1161 1316 1200 ad
1356 1162 1428 1201 tria
1471 1161 1536 1200 illa
1581 1162 1717 1213 priora

183 1238 262 1274 tum
291 1244 340 1272 eo
373 1244 472 1284 opus
503 1237 578 1282 est,
608 1238 648 1272 ut
679 1233 984 1285 dispositionem
1022 1246 1154 1273 rerum
1187 1234 1341 1273 efficias
1378 1232 1482 1273 haud
1513 1232 1718 1286 indignam

181 1308 327 1357 poetae
356 1304 517 1343 minime
547 1304 829 1343 contemnendi
863 1305 1041 1356 ingenio.

294 1377 461 1416 Primam
492 1381 641 1428 partem
677 1378 763 1415 sive
792 1377 959 1428 primum
998 1380 1128 1427 caput,
1161 1375 1248 1425 vel,
1283 1375 1315 1414 si
1349 1377 1557 1415 exordium
1591 1388 1724 1416 annu-

183 1460 342 1498 meres,
376 1448 623 1498 secundum,
660 1448 771 1487 tauri
812 1448 1124 1500 descriptionem
1168 1448 1291 1487 luisse
1323 1447 1576 1487 Marathonii
1615 1453 1721 1500 puto.

182 1519 238 1560 lta
272 1521 444 1560 decebat
472 1526 642 1573 poetam.
703 1522 831 1561 Primo
867 1526 1018 1561 taurum
1052 1531 1231 1572 ponere,
1269 1521 1531 1560 occasionem
1569 1521 1723 1560 carmi-

185 1594 262 1633 nis.
320 1593 475 1633 Deinde
510 1598 550 1633 ut
584 1593 763 1646 prodiret
791 1593 998 1644 Theseus,
1032 1591 1300 1633 debellaturus
1336 1597 1504 1632 taurum.
1564 1592 1722 1633 Theseo

183 1670 226 1706 ut
255 1665 415 1706 obviam
449 1665 564 1705 lieret
593 1666 755 1705 Hecale.

298 1739 357 1779 De
393 1739 493 1778 tauri
527 1739 630 1779 illius
671 1740 855 1791 origine,
902 1738 1064 1787 tinore,
1094 1742 1133 1776 et
1180 1737 1383 1789 quomodo
1424 1749 1475 1777 ex
1514 1737 1630 1777 Creta
1672 1736 1724 1777 ad

185 1811 460 1851 Marathonios
492 1812 736 1864 pervenerit,
766 1811 1037 1850 narrationem
1068 1822 1265 1862 apponam
1299 1811 1384 1848 sive
1408 1822 1458 1849 cx
1478 1809 1723 1849 Callimacho

188 1883 361 1935 ductam,
393 1884 478 1923 sive
507 1896 558 1924 ex
588 1884 689 1932 aliis,
719 1883 861 1935 quihus
892 1884 929 1922 in
961 1884 1022 1932 iis,
1055 1894 1156 1934 quae
1188 1886 1277 1922 sunt
1309 1883 1536 1934 praecipua,
1569 1894 1726 1921 conve-

187 1958 323 1997 niebat
354 1970 442 1998 cmn
477 1956 736 2005 Callimacho,
766 1956 987 1995 Pausaniae
1016 1954 1042 1994 l.
1074 1955 1141 2004 27,
1173 1954 1300 1994 9.10.
1327 1953 1557 1994 Ἀιιέθεσαν
1591 1956 1637 1994 δὲ
1658 1956 1731 1995 καί

189 2025 292 2070 ἄλλο
330 2030 502 2082 Θησέως
534 2025 651 2081 ἔργον
678 2059 689 2078 ,
722 2026 793 2067 καί
828 2026 848 2068 ὁ
881 2025 997 2079 λόγος
1027 2023 1158 2074 οὕτως
1200 2023 1241 2072 ἐς
1275 2021 1379 2066 αὐτὸ
1413 2023 1519 2078 ἔχει.
1584 2027 1730 2078 Κρησί

188 2098 264 2154 τήν
298 2116 339 2141 τε
370 2096 499 2154 ἄλλην
528 2101 603 2152 γῆν
637 2101 709 2140 καί
743 2099 816 2152 τὴν
848 2098 918 2139 ἑπί
947 2100 1118 2156 ποταμῷ
1152 2099 1321 2150 Τεθρίνι
1357 2101 1510 2150 ταῦρος
1549 2099 1731 2148 ἐλυμαί-

190 2186 292 2212 νετο.
352 2173 481 2212 πάλαι
516 2174 561 2212 δὲ
592 2166 677 2225 ἄρα
708 2170 756 2211 τά
791 2174 923 2226 θηρία
955 2170 1230 2225 φοβερώτερα
1262 2165 1314 2222 ἦν
1342 2174 1427 2215 τοῖς
1470 2169 1730 2222 ἀνθρώποις,

190 2244 248 2292 ὠς
289 2242 312 2284 δ’
340 2249 372 2285 τ’
405 2245 448 2284 ἐν
482 2247 628 2300 Νεμέᾳ
669 2246 773 2283 λέων
811 2243 881 2282 καί
916 2241 936 2281 ὁ
981 2241 1265 2295 Παρνάσιος,
1296 2240 1369 2280 καί
1398 2239 1619 2292 δράκοντες
1658 2240 1730 2292 τῆς

185 2313 392 2362 ‘masteng
423 2317 656 2367 πολλαχοῦ,
692 2312 763 2354 καί
795 2307 844 2361 ἶις
876 2313 978 2366 περί
1004 2328 1048 2352 τε
1081 2315 1327 2354 Καλυδῶνα
1357 2314 1430 2353 καί
1454 2311 1730 2364 Ἐρύμανθον

193 2387 266 2427 καί
295 2389 368 2439 τῆς
402 2389 638 2439 Κορινθίας
676 2389 720 2428 ἐν
761 2388 1053 2438 Κροιιιμυῶνι,
1104 2382 1237 2426 ὥστε
1278 2385 1370 2425 καί
1412 2386 1631 2436 ἐλέγετο
1670 2381 1728 2423 τὰ

192 2461 290 2510 μὲν
321 2458 536 2499 αἰίἑναι
573 2457 670 2512 τὴν
710 2460 830 2512 γῆν,
861 2456 911 2498 τοὶ
944 2460 989 2498 δὲ
1022 2458 1078 2506 ὠς
1107 2456 1201 2510 ἱερά
1236 2456 1301 2510 εὶή
1331 2459 1464 2506 θεῶν,
1494 2454 1539 2496 τοὶ
1582 2455 1626 2495 δὲ
1659 2455 1731 2495 καί

193 2532 235 2577 ἐς
267 2533 474 2583 τιμωρίαν
506 2530 743 2584 ἀνθρώπων
771 2532 996 2585 α’φεϊσθαι,
1057 2530 1129 2571 καί
1167 2533 1312 2570 τοῦτον
1353 2526 1389 2567 οὶ
1433 2529 1597 2580 Κρῆτες
1638 2526 1732 2567 τόν

193 2603 406 2654 ταῦρον
436 2603 490 2649 ἐς
519 2605 610 2654 τῆν
640 2604 737 2655 γῆν
765 2602 984 2653 πέμψαι
1017 2604 1179 2656 σφίσι
1212 2599 1547 2641 Ποσειδῶνά
1580 2614 1730 2653 φασιν,

193 2671 282 2713 ὅτι
315 2673 607 2727 θαλάσσης
639 2670 828 2726 ἅρχων
861 2675 1054 2720 Μίνως
1084 2676 1174 2726 τῆς
1203 2671 1530 2726 (Ελληνικῆς
1559 2669 1733 2718 ου’δενὸς

196 2747 451 2787 Ποσειδῶνα
494 2740 591 2799 ἦγεν
623 2740 753 2785 ἄλλου
785 2747 892 2786 θεοῦ
920 2746 1080 2796 μᾶλλον
1116 2746 1159 2784 ἐν
1193 2745 1306 2800 τιμῇ.
1366 2744 1622 2797 κομισθῆναι
1655 2745 1734 2795 μὲν

197 2817 246 2872 δὴ
281 2817 352 2859 τὸν
385 2819 542 2871 ταῦρον
572 2817 723 2859 τοῦτόν
755 2833 888 2872 φασιν
918 2818 961 2865 ἐς
992 2816 1317 2871 Πελοπόννησον
1345 2817 1390 2858 ἐκ
1422 2812 1593 2870 Κρήτης
1614 2847 1625 2867 ,
1664 2814 1737 2857 καὶ
