1856 3126
753 118 1026 155 -46-

135 234 240 274 idem
271 233 535 274 Callimachus
562 233 786 285 Dictynnae
818 245 965 273 nomen
1008 245 1030 273 a
1069 233 1238 286 nympha
1280 231 1512 272 translatum
1559 242 1652 271 esse

136 307 176 346 in
201 308 341 355 Deam,
371 307 554 356 Dianam,
585 305 734 345 diserte
764 306 974 358 significat.
1032 305 1169 357 Neque
1199 303 1391 358 Χησιὰς,
1417 298 1652 356 Ἰμβρασίη,

135 380 290 419 Dianae
322 378 464 417 codem
496 378 534 416 in
566 376 714 429 hymno
747 390 784 418 v.
816 379 907 417 925.
940 378 1195 430 cognomina,
1226 388 1297 428 per
1324 388 1368 415 se
1400 378 1549 414 tantum
1580 386 1656 413 va·-

135 451 241 500 lent,
270 454 312 489 ut
342 449 622 489 Callimachum
665 450 726 489 his
758 449 1021 501 comprobare
1058 450 1234 488 voluisse
1265 449 1490 489 Stoicorum
1525 449 1654 489 Servii

131 523 183 562 ad
212 523 322 575 Virg.
356 521 504 575 Georg.
533 521 560 561 Ι.
596 523 636 561 5.
670 522 917 572 doctrInam,
948 521 1103 560 Lunam
1131 521 1297 560 ecmdem
1324 520 1522 572 Dianam,
1553 531 1655 559 ean-

129 595 216 635 dem
238 594 438 643 Cererem,
466 594 632 634 eandem
654 594 860 642 Iunonem,
891 594 1057 633 eandem
1075 592 1363 644 Proserpinam
1384 604 1489 643 esse,
1510 596 1654 631 osten-

129 666 236 706 dant.
297 666 459 706 Scilicet
486 667 810 720 distinguendum
843 671 904 707 est
936 667 974 705 in
1006 666 1080 705 hae
1113 666 1360 717 quaestione,
1391 664 1485 717 quid
1507 669 1653 716 poetae

129 743 319 790 receptae
360 739 452 778 inde
485 739 533 778 ab
579 740 753 779 Homero
801 738 1081 779 consuetudini
1120 742 1434 778 consentaneum
1473 737 1654 786 luserint,

134 811 228 864 quid
257 812 330 864 ipsi
362 823 497 850 secum
531 812 743 851 senserint.
804 811 933 850 Veluti
965 809 1227 850 Callimachus
1259 809 1386 862 potuit
1417 810 1456 849 in
1498 809 1655 862 hymnis

133 885 186 923 ita
215 895 352 936 agere,
383 884 565 931 tacendo,
594 889 635 923 ut
656 897 706 923 ex
723 884 867 923 usitato
896 888 1102 936 poetarum
1127 894 1238 922 more
1263 882 1508 935 distinguere
1528 881 1656 934 Apol-

137 957 255 996 linem
285 968 307 995 a
341 955 458 1005 Sole,
488 955 653 995 Dianam
685 956 734 996 ab
765 956 939 1007 Hecate,
972 956 1103 1004 Luna,
1144 955 1401 1006 Proserpina,
1441 954 1657 1004 videretur,

135 1034 175 1068 et
206 1033 337 1068 tamen
361 1029 602 1067 contrariam
633 1039 767 1067 secum
799 1029 899 1080 ipse,
927 1033 1043 1079 poeta
1077 1027 1356 1078 philosophus,
1387 1027 1526 1065 fovere
1556 1037 1658 1065 sen-

133 1102 317 1150 tentiam,
351 1111 502 1151 eosque
537 1099 863 1149 reprehendere,
907 1099 973 1150 qui
1016 1098 1163 1136 diserte
1200 1097 1462 1136 dirimendum
1503 1108 1595 1136 esse
1633 1108 1658 1136 a

133 1174 225 1215 Sole
256 1171 504 1224 Apollinem,
535 1183 557 1209 a
589 1171 717 1210 Diana
747 1170 1050 1222 Proserpinam,
1085 1170 1328 1210 docuissent.
1397 1170 1533 1221 Itaque
1580 1168 1658 1208 1100

135 1245 309 1285 faciebat
340 1243 419 1293 ille,
455 1243 632 1294 quisquiS
661 1242 746 1293 fuit,
777 1253 892 1294 quem
925 1242 1049 1293 carpit
1080 1241 1357 1282 CallimachuS.
1415 1241 1478 1280 ille
1511 1241 1550 1280 in
1582 1239 1658 1279 de-

136 1317 325 1358 claranda
355 1320 493 1356 natura
525 1313 732 1366 Apollinis,
763 1314 931 1362 Dianae,
962 1325 1041 1352 non
1074 1313 1216 1362 solum,
1253 1313 1357 1364 quod
1385 1313 1500 1352 etiam
1534 1313 1657 1353 Calli-

137 1388 304 1428 machus
341 1388 450 1435 sacit,
482 1391 524 1426 ut
542 1385 724 1436 vidimus,
754 1385 989 1437 separandis
1018 1383 1176 1434 sabulis,
1209 1389 1247 1423 ct
1269 1384 1512 1436 seponendis
1542 1389 1659 1436 atque

139 1459 367 1500 omittendis
398 1461 445 1498 iis
476 1458 772 1498 narrationibus
810 1456 1139 1508 nominibusque,
1170 1456 1207 1495 in
1244 1456 1386 1508 quibus
1420 1457 1658 1509 significatio

138 1533 281 1580 inerat,
315 1536 382 1571 aut
407 1530 532 1570 videri
566 1531 699 1569 inesse
730 1533 897 1582 poterat,
929 1528 1057 1578 Solis,
1084 1528 1368 1579 Proserpinae,
1401 1527 1560 1567 dubium
1589 1540 1660 1567 re-

138 1605 322 1657 liquerat,
350 1608 478 1643 utrum
510 1604 594 1655 ipsc
625 1603 804 1655 prImitus
836 1602 1093 1641 coniunctam
1124 1600 1319 1652 Apollinis
1354 1603 1392 1638 et
1418 1599 1534 1648 Solis,
1561 1599 1661 1639 Dia-

137 1692 214 1720 nae
245 1684 283 1718 et
300 1676 576 1728 Proserpinae,
606 1678 787 1715 naturam
816 1673 1099 1724 notionemque
1126 1672 1262 1720 fuisse,
1294 1683 1344 1711 an
1366 1671 1546 1711 diversos
1567 1683 1659 1711 esse

139 1752 237 1791 deos
267 1751 458 1800 sentiret,
490 1748 737 1798 liberumque
764 1746 891 1786 cuivis
922 1745 997 1785 hac
1032 1745 1081 1784 de
1112 1757 1156 1784 re
1188 1745 1374 1784 iudicium
1402 1745 1658 1797 permiserat:

138 1825 211 1863 scd
242 1823 411 1873 diserte,
443 1822 529 1861 sive
561 1821 600 1859 in
632 1822 814 1872 poemate
843 1818 996 1869 aliquo,
1024 1817 1109 1856 sive
1143 1817 1219 1856 alio
1249 1816 1392 1867 modo,
1423 1821 1657 1868 negaverat,

137 1908 309 1948 unquam
351 1895 562 1947 quicquam
593 1891 768 1944 Apollini
809 1902 897 1930 cum
941 1889 1058 1939 Sole,
1097 1890 1250 1929 Dianae
1282 1901 1368 1928 cum
1404 1889 1656 1940 Proserpina,

137 1980 347 2008 commune
380 1965 517 2005 fuisse.
578 1964 672 2011 Quis
702 1962 766 2001 ille
801 1961 931 2010 suerit,
961 1961 1118 2013 ignoro.
1178 1961 1337 2000 Poetam
1368 1960 1490 2001 fuisse
1521 1960 1658 1999 credi-

136 2041 214 2080 hile
245 2045 325 2088 est;
366 2036 619 2090 Apollonium
653 2033 776 2073 fuisse
815 2032 922 2072 nullo
957 2032 1152 2085 probabili
1194 2037 1428 2085 argumento
1468 2033 1655 2072 evincas:

137 2113 178 2150 et
208 2111 382 2158 omnino,
413 2113 454 2148 ut
483 2106 628 2158 aliquid
661 2110 800 2145 contra
830 2104 1083 2156 Apollonium
1109 2105 1232 2144 fuisse
1265 2105 1304 2143 ln
1335 2104 1503 2144 exordio
1521 2103 1654 2143 Heca-

136 2180 194 2220 les
226 2181 414 2232 scriptum
444 2179 669 2228 concedas,
699 2178 773 2217 etsi
802 2188 877 2216 nos
908 2176 945 2216 id
975 2188 1046 2216 cur
1077 2176 1274 2216 affirmare
1313 2189 1393 2216 non
1424 2177 1655 2223 audeamus,

139 2253 270 2306 paullo
299 2257 390 2292 ante
423 2251 664 2291 declaratum
704 2253 790 2299 est,
821 2260 903 2289 non
942 2249 1120 2301 sequitur
1153 2253 1275 2289 totum
1316 2253 1455 2288 contra
1484 2248 1654 2300 Apollo-

136 2325 244 2364 nium
274 2324 461 2376 scriptum
493 2322 700 2362 exordium
740 2321 877 2360 fuisse.
937 2321 1065 2359 Potuit
1094 2320 1354 2360 Callimachus
1387 2320 1509 2360 semel
1552 2320 1656 2360 mul-

136 2402 265 2437 torum
296 2396 521 2436 invidorum
563 2394 963 2444 adversariorumque
998 2393 1178 2431 diversas
1221 2393 1510 2443 aggressiones
1542 2393 1655 2432 calu-

136 2471 315 2509 mniasve
344 2481 422 2508 una
456 2468 692 2509 defensione
722 2478 771 2506 ac
803 2467 1067 2517 responsione
1100 2463 1467 2516 comprehendere,
1500 2465 1653 2506 ulcisci.

135 2543 196 2582 De
223 2554 267 2581 rc
297 2542 396 2593 ipsa,
425 2545 552 2580 utrum
584 2539 738 2579 differat
768 2551 816 2578 an
847 2550 928 2576 non
959 2537 1115 2577 differat
1147 2537 1195 2575 ab
1228 2537 1319 2576 Sole
1339 2537 1497 2589 Apollo,
1528 2538 1654 2577 Diana
1700 2586 1702 2590 y

139 2614 187 2654 ab
214 2615 347 2664 Luna,
376 2615 551 2664 Hecate,
582 2611 842 2663 Proserpina,
874 2610 992 2649 mulla
1017 2614 1057 2648 et
1089 2608 1192 2648 dicta
1223 2620 1313 2647 esse
1345 2614 1384 2648 ct
1413 2621 1532 2661 posse
1574 2609 1654 2649 dici

139 2691 309 2727 constat.
366 2685 452 2737 Ego
478 2696 583 2724 nunc
613 2684 689 2723 hae
718 2684 757 2722 in
788 2694 833 2722 re
864 2693 944 2721 uno
975 2681 1170 2733 defungar
1191 2681 1437 2720 memorabili
1457 2680 1654 2720 Plutarchi

138 2759 256 2809 loco,
288 2757 352 2809 qui
385 2768 500 2808 quam
531 2757 761 2807 opinionum
800 2754 1060 2794 differentiam
1092 2753 1319 2793 Callimachi
1358 2756 1487 2792 aetate
1528 2751 1653 2791 fnisse

135 2831 321 2882 vidimus,
356 2841 443 2869 cam
474 2828 590 2868 etiam
623 2833 763 2880 postea
795 2830 918 2880 cerni,
951 2827 1190 2879 multumque
1219 2827 1404 2880 agitatam
1434 2827 1473 2866 in
1501 2825 1651 2867 scholis
