1856 3126
776 128 1077 164 -200—

175 248 421 304 quaestionis
450 256 530 285 non
564 244 757 297 explicata
791 246 940 296 reliqua
985 249 1082 284 erat.
1150 244 1233 284 Fuit
1266 239 1544 283 Γλαυκώπιον
1573 240 1695 281 Calli-

172 320 339 369 macho,
380 323 419 358 et
456 319 520 370 qui
562 318 675 369 pauci
720 317 983 369 appellatione
1026 318 1087 356 usi
1136 321 1226 356 sunt
1270 315 1356 364 alii,
1400 310 1424 366 ἦ
1469 311 1696 365 ἀκρόπολις

172 394 333 445 proprie
366 392 485 439 dicta,
515 389 591 429 hoc
623 395 695 441 est,
726 395 865 429 vertex
894 390 1005 429 collis
1034 390 1080 439 is,
1109 390 1245 441 inquo
1273 387 1364 439 quid
1388 385 1531 425 Thesei
1563 388 1695 424 aetate

171 466 289 505 fucrit
323 465 400 504 dici
428 464 577 516 nequit,
608 464 682 502 etsi
716 464 791 502 iam
823 467 900 502 tuin
931 474 1087 502 sacrum
1115 461 1318 501 Minervae
1350 458 1538 499 verticem
1571 457 1693 496 fuisse

171 535 379 588 probabile
414 539 486 584 est,
515 539 553 575 at
582 534 796 586 posteriori
831 538 1008 585 ternpore
1044 533 1184 585 templa
1217 534 1418 573 Minervae
1448 529 1694 570 nobilissima

172 607 342 646 suerunt.
404 606 459 646 Ita
494 606 695 646 definienti
726 604 1001 646 Γλαυκώπιον
1034 607 1071 645 iu
1111 610 1280 645 mentem
1323 607 1454 654 venit,
1485 615 1534 642 an
1568 602 1698 642 ambi-

172 684 251 718 tum
285 678 369 718 fere
403 677 571 717 eundern
607 677 750 717 Strabo
781 679 915 717 verbis
945 676 989 717 τὸ
1027 679 1099 730 τῆς
1126 673 1320 730 Ἀθηνᾶς
1351 676 1462 727 ἱερὸν
1498 675 1699 728 significet:

174 751 239 791 IX.
261 764 296 803 p.
317 750 412 791 396.
434 750 550 799 (606.
570 750 633 800 C.)
665 751 730 790 ubi
756 751 803 790 de
823 763 936 790 arce:
968 750 1038 791 ἐπί
1066 752 1110 791 δὲ
1138 753 1185 805 τῇ
1214 752 1345 805 πέτρᾳ
1371 746 1414 788 τὸ
1448 750 1522 800 τῆς
1554 748 1696 801 Ἀθη-

172 825 246 870 wag
275 819 404 874 ἱερόν,
442 819 464 861 ὅ
496 838 538 862 τε
572 823 748 874 α’ρχαῖος
777 821 878 870 νειὸς
907 821 926 862 ὁ
960 823 1033 874 τῆς
1063 820 1304 872 Πολιάδος,
1334 847 1385 852 -
1415 819 1485 860 καί
1516 819 1535 860 ὁ
1568 823 1698 870 Παρ-

173 895 319 935 θενών.
357 900 465 934 certe
503 896 536 934 si
580 907 696 934 unum
739 894 936 947 quoddam
970 895 1171 934 Minervae
1220 894 1401 946 templum
1442 893 1696 944 intellexerit,

173 968 273 1007 mire
307 967 557 1019 obscureque
590 968 734 1007 dictum
767 968 841 1006 erit
869 966 915 1007 τὸ
948 969 1019 1019 τῆς
1050 967 1238 1019 Ἀθηνᾶς
1263 963 1397 1017 ἱερόν,
1421 978 1537 1018 quum
1568 967 1699 1006 statim

177 1044 365 1079 accurate
398 1040 579 1079 distincta
608 1039 727 1079 addat
754 1039 938 1089 templum
963 1037 1140 1078 Poliadis
1167 1042 1203 1076 et
1222 1037 1523 1077 Parmenonem.
1581 1037 1702 1078 Atte-

175 1126 274 1163 rum,
307 1110 329 1164 ἦ
363 1110 528 1164 Ἀττικὴ
563 1108 867 1166 ἀκρόπολις-ἢ
898 1111 987 1152 καί
1017 1110 1038 1164 ἦ
1070 1110 1264 1163 ἁπλαῖς,
1293 1122 1373 1150 non
1401 1109 1524 1150 credo
1552 1109 1701 1150 Eusta-

176 1186 276 1226 tbio.
337 1183 414 1225 Sed
448 1183 688 1223 Dicaearchi
719 1184 865 1234 verba,
896 1183 1027 1236 paullo
1061 1187 1152 1223 ante
1185 1182 1506 1232 commemorati,
1539 1181 1702 1221 adscri-

176 1258 306 1298 benda
339 1269 429 1296 esse
460 1257 604 1307 video,
638 1270 738 1309 quae
770 1259 937 1311 egregie
970 1257 1164 1296 illustrant
1194 1255 1486 1306 Callimachum,
1512 1255 1702 1308 proposi-

177 1336 335 1383 tamque
396 1342 511 1381 supra
561 1330 788 1382 Fragmenti
845 1329 1098 1369 Calliinachei
1150 1327 1455 1380 explicationem
1506 1331 1698 1367 nostram.

177 1405 357 1445 Diximus
389 1401 584 1442 affulsisse
614 1399 888 1443 Γ).αυκιόπιον
919 1402 1075 1442 Theseo
1111 1400 1161 1441 ad
1193 1400 1337 1440 Urbem
1369 1399 1697 1452 appropinquanti

181 1478 229 1518 ab
261 1490 308 1517 ea
339 1477 521 1529 regione,
552 1476 590 1514 in
624 1487 699 1526 qua
729 1473 897 1514 Eleusis.
954 1474 1034 1513 Iam
1056 1473 1194 1513 audias
1212 1472 1516 1524 Dicaearchum,
1547 1469 1590 1512 ἐν
1611 1478 1696 1518 τοῖς

178 1548 276 1600 περὶ
317 1549 389 1599 τῆς
430 1545 489 1592 εἰς
534 1544 777 1599 Τροφωνίου
821 1542 1113 1596 καταβάσεως,
1155 1543 1299 1584 Athen.
1332 1544 1430 1584 Xlll.
1469 1558 1504 1597 p.
1535 1544 1627 1586 594.
1656 1544 1695 1584 F.

178 1615 307 1657 ταυίὸ
343 1620 388 1658 de
420 1614 551 1656 πάθοι
591 1631 652 1662 τις
689 1611 739 1656 ἄν
768 1615 839 1656 ἐπὶ
866 1613 940 1668 τὴν
968 1614 1214 1669 Ἀθηναίων
1243 1613 1362 1655 πόλιν
1397 1610 1697 1669 ἀφικνούμενος

181 1688 286 1730 κατὰ
320 1688 394 1742 τήν
428 1690 603 1739 (emend.
635 1689 788 1730 lacobs.
821 1690 963 1742 vulgo:
994 1687 1255 1742 καίταιῗτην)
1289 1689 1356 1728 a’n’
1386 1688 1609 1732 Ἐλευσῖνος
1627 1683 1698 1738 τήν

183 1758 303 1813 ἱεράν
332 1760 429 1801 ὁὸύν
462 1763 731 1814 καλοῖ-μάνην.
781 1759 852 1800 καί
886 1759 965 1814 γάρ
1008 1762 1196 1801 ἐνταῦθα
1237 1757 1474 1808 καταστάς,
1511 1749 1562 1797 οὗ
1594 1750 1642 1796 ἂν
1669 1750 1699 1810 ᾗ

181 1833 227 1874 τὸ
266 1837 427 1885 πρῶτον
455 1835 513 1882 εἰς
544 1833 734 1888 Ἀθήνας
764 1833 1035 1888 ἀφορώμενος
1066 1831 1197 1879 νεώς
1229 1830 1317 1871 καί
1346 1829 1405 1871 τὸ
1435 1827 1699 1880 πόλισμα,

184 1930 235 1938 —
267 1908 450 1958 templum
481 1913 518 1947 et
543 1920 642 1957 arm,
674 1912 715 1946 ut
743 1911 854 1946 recte
886 1907 1193 1957 interpretantur
1231 1903 1508 1955 Dalecampius
1541 1905 1579 1941 et
1605 1899 1699 1940 Vat-

186 1977 410 2019 ckenariuS.
469 1980 670 2022 Sententia
698 1980 925 2031 perspicua:
955 1978 1003 2017 de
1032 1978 1166 2017 verbis
1197 1976 1366 2026 dubites,
1396 1987 1497 2028 quae
1528 1972 1703 2014 Valcke-

186 2052 322 2090 narius
352 2052 403 2091 ita
435 2053 636 2092 tentabat:
668 2045 716 2091 οἷ)
745 2046 795 2090 ἂν
826 2050 940 2105 φανῇ
959 2049 1002 2089 τὸ
1035 2049 1199 2101 πρῶτον
1230 2048 1287 2094 εἰς
1313 2046 1505 2101 Ἀθήνας
1529 2046 1704 2098 &epopeu-

185 2126 296 2180 μένῳ
328 2121 347 2164 ὃ
378 2125 480 2173 νεώς
506 2125 577 2165 καί
603 2122 648 2165 τὸ
679 2123 875 2175 πόλισμα,
933 2122 1113 2173 Denique
1150 2120 1229 2160 hoc
1268 2120 1307 2159 in
1350 2131 1412 2159 me
1449 2119 1629 2170 recipio,
1660 2120 1703 2156 ut

187 2197 311 2237 verba
349 2198 435 2250 ipsa
469 2194 695 2235 Callimachi
735 2193 784 2232 de
822 2193 1105 2247 Γλαυκωπίῳ,
1147 2203 1248 2243 quae
1285 2190 1431 2230 fuerint
1471 2190 1512 2228 in
1540 2187 1704 2238 Hecale,

188 2270 390 2322 proferam
422 2281 470 2309 ac
499 2272 711 2322 praestem.
778 2266 958 2318 Longum
989 2270 1048 2304 est
1080 2265 1117 2304 in
1151 2264 1320 2305 Scholiis
1346 2262 1592 2311 Homericis,
1627 2260 1707 2299 rni-

190 2342 357 2382 noribus
389 2343 475 2381 sire
505 2341 663 2393 Didymi
698 2339 747 2379 ad
778 2339 884 2378 Iliad.
915 2337 959 2378 V.
991 2335 1085 2378 422.
1118 2338 1159 2377 in
1188 2337 1351 2377 Venetis
1382 2336 1424 2375 B.
1458 2335 1522 2374 ed.
1551 2333 1705 2373 Villois.

191 2415 242 2455 ad
279 2427 437 2455 versum
472 2414 598 2455 eiusd.
640 2413 729 2453 libri
769 2412 863 2452 458.
897 2416 936 2451 et
971 2412 1012 2451 in
1050 2410 1325 2463 Etymologico
1364 2409 1414 2449 M.
1454 2420 1491 2448 v,
1523 2404 1708 2458 Κύπρις,

191 2488 374 2529 scholion
408 2486 457 2527 de
488 2486 671 2539 epithetis
714 2485 878 2524 deorum
917 2495 999 2522 non
1032 2479 1112 2522 α’πύ
1152 2483 1232 2522 τῶν
1273 2479 1398 2532 ἱερῶν
1427 2477 1594 2528 τόπων,
1634 2476 1708 2517 sed

192 2559 273 2600 α’πὸ
305 2561 384 2600 τῶν
415 2558 610 2611 ψυχικῶν
641 2557 868 2610 ἑιεργειῶν,
896 2556 959 2595 vel
989 2567 1009 2594 a
1039 2554 1280 2606 proprietate
1312 2551 1479 2604 quadam
1511 2551 1706 2603 corporiS‚

192 2632 433 2684 repetendis.
491 2631 614 2683 Igitur
636 2628 807 2679 Κύπριν
836 2641 916 2668 non
947 2628 1088 2666 dictam
1119 2639 1140 2666 a
1176 2625 1322 2677 Cypr0‚
1357 2624 1598 2675 Κυθέρειαν
1626 2632 1707 2661 non

193 2717 214 2744 a
247 2704 440 2755 Cytheris,
471 2702 832 2754 Ἀλαλκομενηῖὒά
861 2712 941 2740 non
973 2698 1053 2739 ἀπὸ
1080 2694 1410 2748 Ἀλαλκομενιόυ
1442 2694 1524 2744 (vel
1549 2692 1707 2734 ’.Αλαλ-

193 2778 391 2826 κομενοῦ)
423 2775 545 2823 τινός.
579 2779 794 2827 sequuntur
830 2772 1008 2812 doctiora
1053 2770 1173 2809 haec:
1216 2768 1305 2807 οὐδ’·
1338 2764 1392 2812 ὥς
1417 2763 1709 2814 Ἐρατοσθένης

196 2844 457 2900 παρήκουσεν
476 2846 662 2899 Ὁμήρου
694 2843 892 2897 εἰπόντος,
915 2842 1105 2899 Ἑρμείας
1129 2841 1315 2893 ἀκάκητα
1331 2868 1342 2889 ,
1373 2831 1499 2889 ἤγουν
1527 2833 1611 2884 (vel
1631 2828 1708 2884 ὅτι,
