1856 3126
745 117 1050 156 -165—

126 232 286 285 propria
318 244 424 272 nexu
454 235 573 283 atque
604 233 787 284 opposito
818 233 1092 274 illustraretur.
1152 233 1201 274 Ut
1240 234 1273 274 si
1307 230 1456 272 Hecale
1487 232 1668 272 invitanti

129 303 178 342 ad
212 304 532 343 communionem
566 313 721 342 coenae
750 304 906 345 Theseo
947 304 1228 357 responderit,
1261 305 1403 344 nullam
1444 304 1521 344 sibi
1553 305 1667 357 cupi-

128 373 289 414 (litatem
323 374 398 414 cibi
429 386 546 414 esse:
581 375 836 416 sermonibus
865 388 910 416 se
938 378 1130 417 satiatum
1161 376 1216 415 iri
1245 376 1471 416 iucundius.

236 443 318 483 lam
351 444 402 483 de
433 456 508 495 eo,
542 445 635 497 quid
665 448 893 488 narraverit
923 447 1100 487 Theseus
1120 478 1131 498 ,
1176 448 1270 500 quid
1301 459 1384 488 non
1430 447 1667 498 narraverit,

126 525 204 568 quo
234 520 343 555 recte
378 519 551 566 statuas,
580 516 729 556 iudicio
771 529 870 570 opus
899 521 961 558 est
993 518 1044 558 ad
1073 519 1187 571 leges
1218 520 1315 559 artis
1345 520 1531 571 poeticae
1562 530 1665 558 con-

124 591 356 639 suetamque
387 592 532 639 poetae
561 588 796 629 doctissimo
826 589 1065 642 elegantiam
1091 602 1207 642 quam
1238 591 1324 631 fieri
1356 590 1483 644 possit
1516 591 1664 643 optime

123 658 391 698 conformato.
449 660 515 700 Sic
545 661 647 701 male
682 661 862 702 Theseus
895 674 1035 701 omnes
1066 673 1133 701 res
1165 674 1284 712 suaS,
1315 666 1529 715 parentes,
1559 674 1664 714 pue—

122 731 274 780 ritiam,
306 730 647 783 adolescentiam,
676 738 715 773 et
742 733 847 773 facta
880 746 1007 785 usque
1039 734 1090 773 ad
1122 745 1211 773 eum
1244 733 1375 783 diem,
1411 735 1553 774 ordine
1587 747 1664 774 ex-

121 806 292 854 poneret
320 802 509 844 Hecatae.
569 805 725 853 Quanto
766 804 906 845 melius
939 817 1037 855 nos,
1067 806 1324 858 separatione
1352 806 1481 857 sacta,
1510 811 1661 858 partem
1700 840 1704 843 ,

120 872 260 913 horum
297 876 631 924 communicatam
664 889 685 916 a
716 880 834 928 poeta
869 888 957 916 cum
993 876 1212 918 lectoribus
1245 889 1295 917 eo
1325 878 1418 918 loco
1452 890 1568 929 esse,
1598 880 1664 931 qui

122 947 240 986 nohis
272 950 331 986 est
363 946 485 997 Caput
518 947 688 998 tertium,
720 948 941 987 statuimus,
1001 949 1060 988 De
1091 949 1326 1000 parentibus
1356 948 1502 989 Thesei
1536 948 1662 988 fando

121 1019 331 1059 audiverat
361 1018 467 1058 haud
500 1018 618 1059 dubie
650 1019 822 1071 Hecale,
857 1024 897 1060 et
927 1024 1123 1072 tamquam
1157 1026 1294 1060 notum
1327 1021 1403 1061 sibi
1443 1023 1664 1073 exceperat

121 1090 333 1131 Theseum.
392 1092 450 1130 Ne
487 1091 573 1142 quis
606 1091 710 1130 sorte
743 1091 792 1131 ab
822 1091 971 1131 Hecale
1001 1091 1221 1143 prolatum,
1253 1093 1451 1145 originem
1483 1103 1662 1144 percon-

120 1167 231 1203 tante
271 1161 439 1213 Thesei,
491 1162 680 1202 coniiciat
719 1163 998 1215 Fragmentum
1045 1162 1206 1203 CCXLl.
1251 1164 1364 1212 (coll.
1409 1163 1581 1216 Hesych.
1624 1175 1660 1203 v.

120 1235 281 1287 st'vqu
310 1231 387 1285 τὴν
417 1233 462 1274 δὲ
493 1231 618 1286 γενῆν
648 1232 723 1273 οὔκ
754 1229 866 1274 οἷ’ὁά.
938 1234 1076 1284 Nunc,
1117 1246 1189 1286 per
1221 1235 1480 1287 Episodium,
1514 1236 1660 1288 accipit

119 1305 427 1356 recentissima,
459 1309 497 1344 ct
527 1317 629 1356 quae
660 1305 989 1345 iucundissimum
1032 1310 1119 1345 erat
1149 1307 1198 1346 ab
1245 1318 1294 1346 eo
1332 1307 1418 1358 ipso
1461 1307 1662 1359 accipere,

111 1376 184 1429 *qui
213 1381 291 1416 tam
332 1375 540 1428 praeclara
586 1375 797 1428 gessisset.
868 1375 1014 1429 Igitur,
1060 1389 1162 1429 quae
1198 1390 1287 1417 mea
1330 1378 1530 1418 sententia
1578 1381 1654 1427 est,

115 1447 356 1488 narrabatur
386 1447 476 1498 iter,
500 1443 586 1499 ⁴quo
614 1447 793 1487 Theseus
823 1447 1030 1488 Troezene
1058 1448 1238 1488 Athenas
1269 1449 1474 1501 profectus
1506 1453 1590 1499 est,
1619 1453 1659 1489 et

118 1521 331 1560 coniuncta
373 1532 461 1559 cum
502 1530 551 1559 eo
593 1519 736 1559 itinere
768 1519 965 1560 facinora.
1023 1520 1120 1560 Illud
1163 1532 1349 1573 quoque,
1395 1520 1445 1560 de
1490 1524 1655 1560 tonsura

116 1592 284 1643 capitis,
317 1602 499 1630 seorsum
531 1602 683 1643 ponere
727 1603 844 1643 quam
887 1603 976 1632 cum
1019 1592 1183 1645 reliquis
1227 1593 1476 1646 coniungere
1519 1592 1654 1645 malui,

112 1663 304 1717 quoniam
337 1662 387 1701 ad
414 1663 620 1715 pueritiam
651 1664 835 1716 pertinet.

224 1735 458 1776 Curavimus
504 1736 597 1789 Cap.
630 1736 676 1776 Π.
708 1748 744 1788 p.
777 1736 845 1777 56.
881 1737 1066 1778 omnibus
1099 1742 1141 1778 ut
1186 1739 1225 1777 in
1265 1732 1499 1777 memoriam
1529 1748 1657 1778 revo-

111 1819 296 1848 caremus
328 1809 404 1847 iter
435 1809 595 1857 Thesei,
626 1808 903 1862 factorumque
939 1809 1134 1849 ordinem.
1193 1809 1243 1849 Et
1273 1813 1364 1849 sunt
1393 1821 1495 1861 quae
1527 1808 1655 1849 addas

111 1880 277 1933 prolatis
308 1880 362 1920 ibi
406 1880 655 1920 testimoniis.
727 1881 860 1922 Schol.
892 1882 932 1921 in
972 1881 1066 1921 Plat.
1097 1882 1195 1934 Leg.
1229 1893 1270 1933 p.
1305 1881 1398 1921 929.
1428 1880 1583 1920 Ruhnk.
1615 1893 1653 1933 p.

112 1950 207 1993 452.
227 1951 349 1992 Bekk.
381 1952 669 1993 disertissime:
698 1951 805 2006 πρὸς
829 1955 976 1994 τοῦτον
997 1954 1293 2007 (Cercyonem)
1325 1951 1378 1993 τὸ
1412 1950 1654 2004 πεμπτὸν

113 2018 282 2065 ἆθλον
314 2023 358 2065 ἐν
386 2023 587 2065 Ἐλευσῖνι
616 2024 811 2065 παλαίων
855 2024 1136 2078 διηγωνίσατο
1171 2023 1348 2080 Θησεύς.
1417 2025 1585 2065 Prorsus
1614 2027 1656 2063 ut

114 2096 327 2137 duodecim
355 2101 615 2136 numerantur
643 2090 768 2136 ἆθλοι
799 2095 997 2136 Herculis.
1057 2096 1204 2136 Verum
1238 2096 1390 2136 certior
1419 2096 1459 2136 in
1493 2095 1652 2136 Theseo

112 2178 181 2208 res
211 2171 272 2208 est
302 2178 420 2219 quam
449 2166 488 2205 in
511 2165 694 2206 Hercule.
755 2166 852 2206 Nam
873 2166 1056 2207 Herculis
1088 2166 1269 2207 laborum
1291 2167 1472 2208 ordinem
1495 2168 1654 2207 variant

113 2237 418 2293 mythographi:
452 2237 502 2277 de
535 2248 614 2290 quo
647 2236 767 2277 docte
796 2238 981 2290 exposuit
1012 2237 1163 2290 Zoega,
1193 2238 1435 2278 Bassirilievi
1462 2238 1506 2278 Τ.
1535 2238 1585 2279 ΙΙ.
1614 2250 1653 2290 p.

115 2311 181 2351 45.
217 2323 302 2363 sqq.
333 2323 372 2362 p.
402 2309 470 2350 48.
500 2321 587 2362 sqq.
619 2321 701 2350 non
741 2309 953 2350 immemor
989 2309 1053 2349 ille
1089 2310 1319 2350 Callimachi
1365 2311 1402 2350 h.
1450 2311 1490 2351 in
1535 2311 1651 2351 Dian.

120 2380 210 2421 109.
241 2380 309 2420 ubi
338 2386 470 2421 tamen
505 2382 612 2434 quod
642 2382 824 2433 traditur,
858 2383 1026 2422 Cervam
1059 2383 1259 2431 ultimum,
1290 2379 1500 2433 ὕστατον,
1528 2382 1652 2423 fuisse

116 2453 288 2494 ἀέθλιον
317 2453 515 2505 Herculis,
545 2457 598 2494 ita
626 2459 688 2495 est
717 2454 960 2508 reliquorum
993 2459 1200 2495 auctorum
1231 2455 1551 2504 narrationibus,
1575 2465 1653 2494 va-

116 2525 312 2566 riantibus
342 2526 500 2578 quidem
530 2527 621 2578 illis,
651 2532 692 2569 ut
714 2528 810 2578 dixi,
841 2528 912 2567 sed
945 2532 1077 2567 tamen
1108 2529 1148 2567 in
1171 2528 1288 2567 multa
1312 2530 1507 2567 varietate
1530 2538 1650 2568 unum

117 2595 363 2647 alterumque
395 2609 541 2650 magno
589 2610 791 2639 consensu
833 2599 1137 2649 attestantibus,
1187 2598 1455 2648 contrarium,
1486 2603 1527 2638 ut
1567 2610 1648 2639 noa

116 2667 250 2720 inepte
279 2669 516 2720 interpretes
549 2668 780 2709 Callimachi
812 2670 862 2709 de
893 2669 1174 2709 emendatione
1205 2669 1493 2721 cogitaverint,
1525 2666 1649 2710 ὕστε-

119 2751 192 2788 ρον
225 2750 277 2777 ex
305 2737 437 2779 Schol.
463 2739 692 2791 Apollonii;
724 2738 840 2780 aliam
872 2740 975 2778 viam
1010 2740 1094 2778 iniit
1126 2751 1274 2778 censor
1295 2740 1527 2780 Blomsieldii
1549 2741 1649 2780 Pas-

120 2810 286 2864 sovius‚
315 2808 481 2865 Ephem.
521 2811 593 2854 litt.
630 2812 711 2853 len.
757 2810 900 2852 Octoh.
937 2811 1055 2852 1819.
1099 2823 1204 2852 num.
1247 2812 1337 2852 193.
1408 2813 1461 2854 At
1503 2812 1649 2853 Thesei
