<?xml version="1.0" encoding="UTF-8"?>
<!DOCTYPE html PUBLIC "-//W3C//DTD XHTML 1.0 Transitional//EN"
    "http://www.w3.org/TR/xhtml1/DTD/xhtml1-transitional.dtd">
<html xmlns="http://www.w3.org/1999/xhtml" xml:lang="en" lang="en">
 <head>
  <title>
</title>
<meta http-equiv="Content-Type" content="text/html;charset=utf-8" />
  <meta name='ocr-system' content='tesseract 3.04.00' />
  <meta name='ocr-capabilities' content='ocr_page ocr_carea ocr_par ocr_line ocrx_word'/>
</head>
<body>
  <div class='ocr_page' id='page_1' title='image "./opusculaphilolog02naekuoft/opusculaphilolog02naekuoft_0146.png"; bbox 0 0 1856 3126; ppageno 0'>
   <div class='ocr_carea' id='block_1_1' title="bbox 739 120 1050 158">
    <p class='ocr_par' dir='ltr' id='par_1_1' title="bbox 739 120 1050 158">
     <span class='ocr_line' id='line_1_1' title="bbox 739 120 1050 158; baseline 0 0"><span class='ocrx_word' id='word_1_1' title='bbox 739 120 1050 158; x_wconf 82' lang='lat'>—136—</span> 
     </span>
    </p>
   </div>
   <div class='ocr_carea' id='block_1_2' title="bbox 137 233 1710 2883">
    <p class='ocr_par' dir='ltr' id='par_1_2' title="bbox 137 233 1710 2883">
     <span class='ocr_line' id='line_1_2' title="bbox 515 233 693 289; baseline -0.006 0"><span class='ocrx_word' id='word_1_2' title='bbox 515 233 693 289; x_wconf 71' lang='grc' dir='ltr'><em>σόγκος,</em></span> 
     </span>
     <span class='ocr_line' id='line_1_3' title="bbox 515 308 730 360; baseline -0.005 -13"><span class='ocrx_word' id='word_1_3' title='bbox 515 308 730 360; x_wconf 73' lang='grc' dir='ltr'><em>κρῆθμος,</em></span> 
     </span>
     <span class='ocr_line' id='line_1_4' title="bbox 137 377 1671 433; baseline -0.003 -12"><span class='ocrx_word' id='word_1_4' title='bbox 137 381 295 433; x_wconf 84' lang='lat' dir='ltr'>Fragm.</span> <span class='ocrx_word' id='word_1_5' title='bbox 327 379 491 419; x_wconf 66' lang='lat' dir='ltr'>LX111÷÷.</span> <span class='ocrx_word' id='word_1_6' title='bbox 525 380 687 420; x_wconf 56' lang='lat' dir='ltr'>mlv-2².</span> <span class='ocrx_word' id='word_1_7' title='bbox 747 380 796 420; x_wconf 88' lang='lat' dir='ltr'>Et</span> <span class='ocrx_word' id='word_1_8' title='bbox 831 381 881 420; x_wconf 88' lang='lat' dir='ltr'>de</span> <span class='ocrx_word' id='word_1_9' title='bbox 912 381 1000 430; x_wconf 69' lang='lat' dir='ltr'>his⁷</span> <span class='ocrx_word' id='word_1_10' title='bbox 1034 379 1185 420; x_wconf 79' lang='lat' dir='ltr'>souche</span> <span class='ocrx_word' id='word_1_11' title='bbox 1217 383 1256 418; x_wconf 86' lang='lat' dir='ltr'>ct</span> <span class='ocrx_word' id='word_1_12' title='bbox 1288 378 1487 427; x_wconf 79' lang='lat' dir='ltr'><em>crethmo,</em></span> <span class='ocrx_word' id='word_1_13' title='bbox 1528 377 1671 418; x_wconf 87' lang='lat' dir='ltr'>admo-</span> 
     </span>
     <span class='ocr_line' id='line_1_5' title="bbox 141 449 1671 502; baseline -0.003 -10"><span class='ocrx_word' id='word_1_14' title='bbox 141 452 232 492; x_wconf 86' lang='lat' dir='ltr'>dum</span> <span class='ocrx_word' id='word_1_15' title='bbox 269 453 510 492; x_wconf 87' lang='lat' dir='ltr'>luculentum</span> <span class='ocrx_word' id='word_1_16' title='bbox 541 451 652 492; x_wconf 88' lang='lat' dir='ltr'>Plinii</span> <span class='ocrx_word' id='word_1_17' title='bbox 692 456 753 492; x_wconf 84' lang='lat' dir='ltr'>est</span> <span class='ocrx_word' id='word_1_18' title='bbox 790 453 1073 493; x_wconf 86' lang='lat' dir='ltr'>testimonium.</span> <span class='ocrx_word' id='word_1_19' title='bbox 1142 453 1297 492; x_wconf 85' lang='lat' dir='ltr'>Utinam</span> <span class='ocrx_word' id='word_1_20' title='bbox 1344 451 1408 501; x_wconf 87' lang='lat' dir='ltr'>qui</span> <span class='ocrx_word' id='word_1_21' title='bbox 1449 449 1671 502; x_wconf 85' lang='lat' dir='ltr'>fragmenta</span> 
     </span>
     <span class='ocr_line' id='line_1_6' title="bbox 140 521 1677 576; baseline -0.004 -11"><span class='ocrx_word' id='word_1_22' title='bbox 140 525 312 565; x_wconf 85' lang='lat' dir='ltr'>Hecales</span> <span class='ocrx_word' id='word_1_23' title='bbox 346 524 517 565; x_wconf 82' lang='lat' dir='ltr'>afferunt</span> <span class='ocrx_word' id='word_1_24' title='bbox 547 524 638 574; x_wconf 78' lang='lat' dir='ltr'>alii,</span> <span class='ocrx_word' id='word_1_25' title='bbox 665 524 806 563; x_wconf 90' lang='lat' dir='ltr'>eadem</span> <span class='ocrx_word' id='word_1_26' title='bbox 843 523 1048 576; x_wconf 79' lang='lat' dir='ltr'>diligentia</span> <span class='ocrx_word' id='word_1_27' title='bbox 1089 535 1170 563; x_wconf 90' lang='lat' dir='ltr'>non</span> <span class='ocrx_word' id='word_1_28' title='bbox 1213 523 1340 562; x_wconf 89' lang='lat' dir='ltr'>solum</span> <span class='ocrx_word' id='word_1_29' title='bbox 1374 522 1545 561; x_wconf 87' lang='lat' dir='ltr'>Hecales</span> <span class='ocrx_word' id='word_1_30' title='bbox 1589 521 1677 559; x_wconf 88' lang='lat' dir='ltr'>fra-</span> 
     </span>
     <span class='ocr_line' id='line_1_7' title="bbox 141 593 1676 651; baseline -0.004 -13"><span class='ocrx_word' id='word_1_31' title='bbox 141 602 304 651; x_wconf 84' lang='lat' dir='ltr'>gmenta</span> <span class='ocrx_word' id='word_1_32' title='bbox 335 609 442 645; x_wconf 85' lang='lat' dir='ltr'>esse,</span> <span class='ocrx_word' id='word_1_33' title='bbox 471 595 543 636; x_wconf 86' lang='lat' dir='ltr'>sed</span> <span class='ocrx_word' id='word_1_34' title='bbox 576 608 654 649; x_wconf 88' lang='lat' dir='ltr'>quo</span> <span class='ocrx_word' id='word_1_35' title='bbox 687 596 728 636; x_wconf 92' lang='lat' dir='ltr'>in</span> <span class='ocrx_word' id='word_1_36' title='bbox 761 597 852 637; x_wconf 91' lang='lat' dir='ltr'>loco</span> <span class='ocrx_word' id='word_1_37' title='bbox 885 596 1056 636; x_wconf 83' lang='lat' dir='ltr'>Hecales</span> <span class='ocrx_word' id='word_1_38' title='bbox 1090 596 1249 646; x_wconf 86' lang='lat' dir='ltr'>fuerint,</span> <span class='ocrx_word' id='word_1_39' title='bbox 1276 596 1483 635; x_wconf 84' lang='lat' dir='ltr'><strong>docerent.</strong></span> <span class='ocrx_word' id='word_1_40' title='bbox 1542 593 1676 633; x_wconf 87' lang='lat' dir='ltr'>Verba</span> 
     </span>
     <span class='ocr_line' id='line_1_8' title="bbox 142 665 1679 717; baseline -0.003 -8"><span class='ocrx_word' id='word_1_41' title='bbox 142 673 236 710; x_wconf 82' lang='lat' dir='ltr'>sunt</span> <span class='ocrx_word' id='word_1_42' title='bbox 263 668 374 708; x_wconf 89' lang='lat' dir='ltr'>Plinii</span> <span class='ocrx_word' id='word_1_43' title='bbox 406 667 529 708; x_wconf 89' lang='lat' dir='ltr'><strong>XXII.</strong></span> <span class='ocrx_word' id='word_1_44' title='bbox 560 668 623 707; x_wconf 73' lang='lat'>92.</span> <span class='ocrx_word' id='word_1_45' title='bbox 654 665 765 717; x_wconf 75' lang='lat'><strong>(44.)</strong></span> <span class='ocrx_word' id='word_1_46' title='bbox 803 667 931 706; x_wconf 87' lang='lat' dir='ltr'>Estur</span> <span class='ocrx_word' id='word_1_47' title='bbox 968 671 1006 706; x_wconf 90' lang='lat' dir='ltr'>et</span> <span class='ocrx_word' id='word_1_48' title='bbox 1032 666 1234 717; x_wconf 71' lang='lat' dir='ltr'>somhos,</span> <span class='ocrx_word' id='word_1_49' title='bbox 1280 670 1326 704; x_wconf 84' lang='lat' dir='ltr'>ut</span> <span class='ocrx_word' id='word_1_50' title='bbox 1365 678 1481 717; x_wconf 85' lang='lat' dir='ltr'>quem</span> <span class='ocrx_word' id='word_1_51' title='bbox 1526 665 1679 705; x_wconf 82' lang='lat' dir='ltr'>Theseo</span> 
     </span>
     <span class='ocr_line' id='line_1_9' title="bbox 145 737 1678 791; baseline -0.003 -11"><span class='ocrx_word' id='word_1_52' title='bbox 145 740 258 791; x_wconf 82' lang='lat' dir='ltr'>apud</span> <span class='ocrx_word' id='word_1_53' title='bbox 284 739 572 780; x_wconf 77' lang='lat' dir='ltr'>Callimachum</span> <span class='ocrx_word' id='word_1_54' title='bbox 602 744 782 791; x_wconf 80' lang='lat' dir='ltr'>apponat</span> <span class='ocrx_word' id='word_1_55' title='bbox 810 738 984 787; x_wconf 82' lang='lat' dir='ltr'>Hecale,</span> <span class='ocrx_word' id='word_1_56' title='bbox 1015 742 1183 789; x_wconf 84' lang='lat' dir='ltr'>uterque</span> <span class='ocrx_word' id='word_1_57' title='bbox 1211 737 1330 777; x_wconf 83' lang='lat' dir='ltr'>albus</span> <span class='ocrx_word' id='word_1_58' title='bbox 1363 742 1402 777; x_wconf 86' lang='lat' dir='ltr'>et</span> <span class='ocrx_word' id='word_1_59' title='bbox 1435 738 1568 790; x_wconf 74' lang='lat' dir='ltr'>uiqer,</span> <span class='ocrx_word' id='word_1_60' title='bbox 1613 737 1678 776; x_wconf 89' lang='lat' dir='ltr'>la-</span> 
     </span>
     <span class='ocr_line' id='line_1_10' title="bbox 145 808 1682 861; baseline -0.001 -11"><span class='ocrx_word' id='word_1_61' title='bbox 145 815 286 851; x_wconf 85' lang='lat' dir='ltr'>ctucae</span> <span class='ocrx_word' id='word_1_62' title='bbox 317 809 468 849; x_wconf 80' lang='lat' dir='ltr'>similes</span> <span class='ocrx_word' id='word_1_63' title='bbox 498 809 629 861; x_wconf 81' lang='lat' dir='ltr'>ambo,</span> <span class='ocrx_word' id='word_1_64' title='bbox 663 811 903 850; x_wconf 82' lang='lat' dir='ltr'>etc.XXV1.</span> <span class='ocrx_word' id='word_1_65' title='bbox 934 812 972 854; x_wconf 83' lang='lat'>8,</span> <span class='ocrx_word' id='word_1_66' title='bbox 1006 812 1116 861; x_wconf 77' lang='lat'><strong>(50.)</strong></span> <span class='ocrx_word' id='word_1_67' title='bbox 1148 811 1301 850; x_wconf 79' lang='lat' dir='ltr'>Eadem</span> <span class='ocrx_word' id='word_1_68' title='bbox 1329 810 1394 849; x_wconf 79' lang='lat' dir='ltr'>cis</span> <span class='ocrx_word' id='word_1_69' title='bbox 1425 810 1600 850; x_wconf 80' lang='lat' dir='ltr'>crethmo</span> <span class='ocrx_word' id='word_1_70' title='bbox 1629 808 1682 849; x_wconf 92' lang='lat' dir='ltr'>ab</span> 
     </span>
     <span class='ocr_line' id='line_1_11' title="bbox 144 881 1682 935; baseline -0.003 -12"><span class='ocrx_word' id='word_1_71' title='bbox 144 883 397 935; x_wconf 80' lang='lat' dir='ltr'>Hippocrate</span> <span class='ocrx_word' id='word_1_72' title='bbox 426 883 638 923; x_wconf 77' lang='lat' dir='ltr'>admodum</span> <span class='ocrx_word' id='word_1_73' title='bbox 667 883 870 923; x_wconf 80' lang='lat' dir='ltr'>laudatae.</span> <span class='ocrx_word' id='word_1_74' title='bbox 930 883 1006 922; x_wconf 88' lang='lat' dir='ltr'>Est</span> <span class='ocrx_word' id='word_1_75' title='bbox 1027 887 1158 922; x_wconf 83' lang='lat' dir='ltr'>autem</span> <span class='ocrx_word' id='word_1_76' title='bbox 1187 882 1291 921; x_wconf 81' lang='lat' dir='ltr'>iuter</span> <span class='ocrx_word' id='word_1_77' title='bbox 1321 894 1392 922; x_wconf 85' lang='lat' dir='ltr'>eas</span> <span class='ocrx_word' id='word_1_78' title='bbox 1420 894 1524 933; x_wconf 86' lang='lat' dir='ltr'>quae</span> <span class='ocrx_word' id='word_1_79' title='bbox 1551 881 1682 920; x_wconf 80' lang='lat' dir='ltr'>edun-</span> 
     </span>
     <span class='ocr_line' id='line_1_12' title="bbox 146 955 1685 1007; baseline -0.002 -12"><span class='ocrx_word' id='word_1_80' title='bbox 146 960 213 996; x_wconf 85' lang='lat' dir='ltr'>tur</span> <span class='ocrx_word' id='word_1_81' title='bbox 242 956 489 995; x_wconf 79' lang='lat' dir='ltr'>silvestrium</span> <span class='ocrx_word' id='word_1_82' title='bbox 518 955 747 996; x_wconf 78' lang='lat' dir='ltr'>herbarum.</span> <span class='ocrx_word' id='word_1_83' title='bbox 806 955 923 995; x_wconf 79' lang='lat' dir='ltr'>Hauc</span> <span class='ocrx_word' id='word_1_84' title='bbox 955 960 1062 994; x_wconf 88' lang='lat' dir='ltr'>certe</span> <span class='ocrx_word' id='word_1_85' title='bbox 1092 956 1203 1007; x_wconf 83' lang='lat' dir='ltr'>apud</span> <span class='ocrx_word' id='word_1_86' title='bbox 1231 955 1516 995; x_wconf 79' lang='lat' dir='ltr'>Callimachum</span> <span class='ocrx_word' id='word_1_87' title='bbox 1550 965 1685 1005; x_wconf 87' lang='lat' dir='ltr'>appo—</span> 
     </span>
     <span class='ocr_line' id='line_1_13' title="bbox 145 1027 1688 1079; baseline -0.003 -11"><span class='ocrx_word' id='word_1_88' title='bbox 145 1029 207 1068; x_wconf 80' lang='lat' dir='ltr'>nit</span> <span class='ocrx_word' id='word_1_89' title='bbox 232 1029 388 1068; x_wconf 80' lang='lat' dir='ltr'>rustica</span> <span class='ocrx_word' id='word_1_90' title='bbox 420 1029 491 1068; x_wconf 90' lang='lat' dir='ltr'>illa</span> <span class='ocrx_word' id='word_1_91' title='bbox 519 1029 697 1068; x_wconf 87' lang='lat' dir='ltr'>Hecale:</span> <span class='ocrx_word' id='word_1_92' title='bbox 727 1028 962 1079; x_wconf 82' lang='lat' dir='ltr'>speciesque</span> <span class='ocrx_word' id='word_1_93' title='bbox 984 1032 1044 1067; x_wconf 89' lang='lat' dir='ltr'>est</span> <span class='ocrx_word' id='word_1_94' title='bbox 1065 1028 1170 1067; x_wconf 86' lang='lat' dir='ltr'>batis</span> <span class='ocrx_word' id='word_1_95' title='bbox 1198 1028 1440 1067; x_wconf 78' lang='lat' dir='ltr'>hortensiae.</span> <span class='ocrx_word' id='word_1_96' title='bbox 1474 1054 1525 1059; x_wconf 81' lang='lat'>-—</span> <span class='ocrx_word' id='word_1_97' title='bbox 1557 1027 1688 1066; x_wconf 87' lang='lat' dir='ltr'>Estur</span> 
     </span>
     <span class='ocr_line' id='line_1_14' title="bbox 147 1098 1685 1150; baseline -0.002 -10"><span class='ocrx_word' id='word_1_98' title='bbox 147 1100 315 1140; x_wconf 78' lang='lat' dir='ltr'>crudum</span> <span class='ocrx_word' id='word_1_99' title='bbox 346 1105 552 1139; x_wconf 82' lang='lat' dir='ltr'>coctamve</span> <span class='ocrx_word' id='word_1_100' title='bbox 578 1112 666 1139; x_wconf 82' lang='lat' dir='ltr'>cum</span> <span class='ocrx_word' id='word_1_101' title='bbox 695 1100 826 1150; x_wconf 84' lang='lat' dir='ltr'>olere,</span> <span class='ocrx_word' id='word_1_102' title='bbox 862 1124 914 1130; x_wconf 88' lang='lat'><strong>—</strong></span> <span class='ocrx_word' id='word_1_103' title='bbox 948 1098 1149 1139; x_wconf 83' lang='lat' dir='ltr'>Servatur</span> <span class='ocrx_word' id='word_1_104' title='bbox 1191 1100 1312 1138; x_wconf 87' lang='lat' dir='ltr'>etiam</span> <span class='ocrx_word' id='word_1_105' title='bbox 1351 1099 1392 1138; x_wconf 80' lang='lat' dir='ltr'>in</span> <span class='ocrx_word' id='word_1_106' title='bbox 1433 1099 1579 1138; x_wconf 74' lang='lat' dir='ltr'>muria.</span> <span class='ocrx_word' id='word_1_107' title='bbox 1626 1098 1685 1138; x_wconf 82' lang='lat' dir='ltr'>Cf.</span> 
     </span>
     <span class='ocr_line' id='line_1_15' title="bbox 148 1170 1685 1225; baseline -0.003 -11"><span class='ocrx_word' id='word_1_108' title='bbox 148 1173 271 1214; x_wconf 91' lang='lat' dir='ltr'>XXV.</span> <span class='ocrx_word' id='word_1_109' title='bbox 306 1171 368 1212; x_wconf 79' lang='lat'>13.</span> <span class='ocrx_word' id='word_1_110' title='bbox 400 1171 511 1222; x_wconf 76' lang='lat'>(96.)</span> <span class='ocrx_word' id='word_1_111' title='bbox 545 1171 752 1211; x_wconf 80' lang='lat' dir='ltr'>Crethmos</span> <span class='ocrx_word' id='word_1_112' title='bbox 782 1175 932 1222; x_wconf 71' lang='lat' dir='ltr'>ayrios.</span> <span class='ocrx_word' id='word_1_113' title='bbox 992 1171 1106 1211; x_wconf 83' lang='lat' dir='ltr'>Unde</span> <span class='ocrx_word' id='word_1_114' title='bbox 1139 1171 1232 1210; x_wconf 89' lang='lat' dir='ltr'>mihi</span> <span class='ocrx_word' id='word_1_115' title='bbox 1272 1173 1483 1225; x_wconf 73' lang='grc' dir='ltr'><em>κρῆθμος</em></span> <span class='ocrx_word' id='word_1_116' title='bbox 1527 1170 1685 1223; x_wconf 78' lang='lat' dir='ltr'>placuit.</span> 
     </span>
     <span class='ocr_line' id='line_1_16' title="bbox 153 1242 1689 1297; baseline -0.003 -13"><span class='ocrx_word' id='word_1_117' title='bbox 153 1244 271 1296; x_wconf 89' lang='lat' dir='ltr'>Apud</span> <span class='ocrx_word' id='word_1_118' title='bbox 317 1243 509 1284; x_wconf 78' lang='lat' dir='ltr'>Galerium</span> <span class='ocrx_word' id='word_1_119' title='bbox 556 1247 690 1282; x_wconf 84' lang='lat' dir='ltr'>tamen</span> <span class='ocrx_word' id='word_1_120' title='bbox 730 1244 941 1294; x_wconf 76' lang='grc' dir='ltr'><em>κρῆθμον</em></span> <span class='ocrx_word' id='word_1_121' title='bbox 983 1247 1056 1282; x_wconf 83' lang='lat' dir='ltr'>est.</span> <span class='ocrx_word' id='word_1_122' title='bbox 1129 1242 1200 1282; x_wconf 86' lang='lat' dir='ltr'>Est</span> <span class='ocrx_word' id='word_1_123' title='bbox 1241 1244 1359 1282; x_wconf 86' lang='lat' dir='ltr'>etiam</span> <span class='ocrx_word' id='word_1_124' title='bbox 1396 1243 1588 1297; x_wconf 77' lang='grc' dir='ltr'><em>κρηθμόν</em></span> <span class='ocrx_word' id='word_1_125' title='bbox 1616 1242 1689 1291; x_wconf 85' lang='lat' dir='ltr'>(de</span> 
     </span>
     <span class='ocr_line' id='line_1_17' title="bbox 155 1311 1690 1369; baseline -0.001 -13"><span class='ocrx_word' id='word_1_126' title='bbox 155 1329 232 1369; x_wconf 86' lang='lat' dir='ltr'>qua</span> <span class='ocrx_word' id='word_1_127' title='bbox 263 1317 459 1356; x_wconf 83' lang='lat' dir='ltr'>varietate</span> <span class='ocrx_word' id='word_1_128' title='bbox 489 1315 707 1368; x_wconf 79' lang='lat' dir='ltr'>prosodiae</span> <span class='ocrx_word' id='word_1_129' title='bbox 746 1315 989 1355; x_wconf 84' lang='lat' dir='ltr'>Bachmann.</span> <span class='ocrx_word' id='word_1_130' title='bbox 1023 1315 1073 1355; x_wconf 88' lang='lat' dir='ltr'>ad</span> <span class='ocrx_word' id='word_1_131' title='bbox 1101 1315 1277 1367; x_wconf 76' lang='lat' dir='ltr'>Lycoph.</span> <span class='ocrx_word' id='word_1_132' title='bbox 1313 1315 1429 1364; x_wconf 71' lang='lat'>938.)</span> <span class='ocrx_word' id='word_1_133' title='bbox 1465 1320 1504 1355; x_wconf 84' lang='lat' dir='ltr'>et</span> <span class='ocrx_word' id='word_1_134' title='bbox 1538 1311 1690 1367; x_wconf 83' lang='grc' dir='ltr'><em>σόγχος</em></span> 
     </span>
     <span class='ocr_line' id='line_1_18' title="bbox 159 1386 1692 1442; baseline -0.002 -13"><span class='ocrx_word' id='word_1_135' title='bbox 159 1388 263 1442; x_wconf 89' lang='lat' dir='ltr'>apud</span> <span class='ocrx_word' id='word_1_136' title='bbox 294 1388 565 1441; x_wconf 71' lang='lat' dir='ltr'>Hesychium‚</span> <span class='ocrx_word' id='word_1_137' title='bbox 598 1389 792 1427; x_wconf 88' lang='lat' dir='ltr'>incertum</span> <span class='ocrx_word' id='word_1_138' title='bbox 821 1392 950 1428; x_wconf 88' lang='lat' dir='ltr'>utrum</span> <span class='ocrx_word' id='word_1_139' title='bbox 983 1400 1006 1427; x_wconf 91' lang='lat' dir='ltr'>e</span> <span class='ocrx_word' id='word_1_140' title='bbox 1035 1388 1278 1427; x_wconf 76' lang='lat' dir='ltr'>Callimacho</span> <span class='ocrx_word' id='word_1_141' title='bbox 1297 1419 1308 1438; x_wconf 60' lang='lat'>7</span> <span class='ocrx_word' id='word_1_142' title='bbox 1339 1400 1390 1427; x_wconf 88' lang='lat' dir='ltr'>an</span> <span class='ocrx_word' id='word_1_143' title='bbox 1431 1399 1453 1426; x_wconf 84' lang='lat' dir='ltr'>e</span> <span class='ocrx_word' id='word_1_144' title='bbox 1488 1386 1692 1427; x_wconf 80' lang='lat' dir='ltr'>Nicandro</span> 
     </span>
     <span class='ocr_line' id='line_1_19' title="bbox 157 1459 1692 1514; baseline -0.002 -13"><span class='ocrx_word' id='word_1_145' title='bbox 157 1462 275 1501; x_wconf 85' lang='lat' dir='ltr'>Ther.</span> <span class='ocrx_word' id='word_1_146' title='bbox 310 1461 404 1502; x_wconf 79' lang='lat'>909.</span> <span class='ocrx_word' id='word_1_147' title='bbox 440 1465 479 1500; x_wconf 86' lang='lat' dir='ltr'>et</span> <span class='ocrx_word' id='word_1_148' title='bbox 509 1461 748 1514; x_wconf 87' lang='lat' dir='ltr'>Georgicor.</span> <span class='ocrx_word' id='word_1_149' title='bbox 782 1461 923 1514; x_wconf 81' lang='lat' dir='ltr'>fragm.</span> <span class='ocrx_word' id='word_1_150' title='bbox 956 1461 999 1501; x_wconf 94' lang='lat' dir='ltr'>V.</span> <span class='ocrx_word' id='word_1_151' title='bbox 1032 1461 1198 1509; x_wconf 87' lang='lat' dir='ltr'>(Athen.</span> <span class='ocrx_word' id='word_1_152' title='bbox 1230 1461 1296 1500; x_wconf 91' lang='lat' dir='ltr'>IX.</span> <span class='ocrx_word' id='word_1_153' title='bbox 1326 1473 1362 1513; x_wconf 89' lang='lat' dir='ltr'>p.</span> <span class='ocrx_word' id='word_1_154' title='bbox 1396 1461 1491 1500; x_wconf 84' lang='lat'>371.</span> <span class='ocrx_word' id='word_1_155' title='bbox 1528 1460 1593 1508; x_wconf 84' lang='lat' dir='ltr'>C.)</span> <span class='ocrx_word' id='word_1_156' title='bbox 1625 1459 1692 1498; x_wconf 86' lang='lat' dir='ltr'>uhi</span> 
     </span>
     <span class='ocr_line' id='line_1_20' title="bbox 159 1531 1695 1587; baseline -0.003 -12"><span class='ocrx_word' id='word_1_157' title='bbox 159 1532 317 1587; x_wconf 77' lang='grc' dir='ltr'><strong>σόγκος.</strong></span> <span class='ocrx_word' id='word_1_158' title='bbox 377 1534 478 1574; x_wconf 90' lang='lat' dir='ltr'>Vilia</span> <span class='ocrx_word' id='word_1_159' title='bbox 513 1534 660 1584; x_wconf 82' lang='lat' dir='ltr'>edulia⁷</span> <span class='ocrx_word' id='word_1_160' title='bbox 692 1538 732 1574; x_wconf 84' lang='lat' dir='ltr'>ut</span> <span class='ocrx_word' id='word_1_161' title='bbox 763 1533 983 1574; x_wconf 83' lang='lat' dir='ltr'>videbitur:</span> <span class='ocrx_word' id='word_1_162' title='bbox 1016 1546 1066 1573; x_wconf 91' lang='lat' dir='ltr'>ne</span> <span class='ocrx_word' id='word_1_163' title='bbox 1101 1534 1164 1573; x_wconf 91' lang='lat' dir='ltr'>cui</span> <span class='ocrx_word' id='word_1_164' title='bbox 1197 1534 1315 1573; x_wconf 88' lang='lat' dir='ltr'>nimis</span> <span class='ocrx_word' id='word_1_165' title='bbox 1355 1532 1448 1572; x_wconf 90' lang='lat' dir='ltr'>vilia</span> <span class='ocrx_word' id='word_1_166' title='bbox 1488 1545 1536 1572; x_wconf 86' lang='lat' dir='ltr'>ac</span> <span class='ocrx_word' id='word_1_167' title='bbox 1576 1531 1695 1571; x_wconf 87' lang='lat' dir='ltr'>nimis</span> 
     </span>
     <span class='ocr_line' id='line_1_21' title="bbox 162 1604 1696 1658; baseline -0.002 -12"><span class='ocrx_word' id='word_1_168' title='bbox 162 1607 310 1646; x_wconf 83' lang='lat' dir='ltr'>minuta</span> <span class='ocrx_word' id='word_1_169' title='bbox 344 1606 568 1657; x_wconf 78' lang='lat' dir='ltr'>videantur,</span> <span class='ocrx_word' id='word_1_170' title='bbox 602 1606 827 1646; x_wconf 86' lang='lat' dir='ltr'>intuborum</span> <span class='ocrx_word' id='word_1_171' title='bbox 859 1606 962 1658; x_wconf 88' lang='lat' dir='ltr'>apud</span> <span class='ocrx_word' id='word_1_172' title='bbox 994 1606 1192 1656; x_wconf 83' lang='lat' dir='ltr'>Ovidium,</span> <span class='ocrx_word' id='word_1_173' title='bbox 1222 1610 1262 1645; x_wconf 88' lang='lat' dir='ltr'>et</span> <span class='ocrx_word' id='word_1_174' title='bbox 1293 1605 1417 1645; x_wconf 86' lang='lat' dir='ltr'>intubi</span> <span class='ocrx_word' id='word_1_175' title='bbox 1449 1604 1696 1655; x_wconf 78' lang='lat' dir='ltr'>aliarumque</span> 
     </span>
     <span class='ocr_line' id='line_1_22' title="bbox 162 1676 1700 1728; baseline -0.003 -10"><span class='ocrx_word' id='word_1_176' title='bbox 162 1679 376 1719; x_wconf 86' lang='lat' dir='ltr'>herbarum</span> <span class='ocrx_word' id='word_1_177' title='bbox 406 1679 447 1717; x_wconf 87' lang='lat' dir='ltr'>in</span> <span class='ocrx_word' id='word_1_178' title='bbox 478 1679 626 1718; x_wconf 86' lang='lat' dir='ltr'>rustica</span> <span class='ocrx_word' id='word_1_179' title='bbox 658 1690 786 1718; x_wconf 88' lang='lat' dir='ltr'>coena</span> <span class='ocrx_word' id='word_1_180' title='bbox 817 1679 958 1718; x_wconf 88' lang='lat' dir='ltr'>Lucilii</span> <span class='ocrx_word' id='word_1_181' title='bbox 987 1678 1054 1718; x_wconf 84' lang='lat' dir='ltr'>lib.</span> <span class='ocrx_word' id='word_1_182' title='bbox 1086 1678 1131 1718; x_wconf 88' lang='lat' dir='ltr'>V.</span> <span class='ocrx_word' id='word_1_183' title='bbox 1166 1678 1404 1728; x_wconf 81' lang='lat' dir='ltr'>meminerit,</span> <span class='ocrx_word' id='word_1_184' title='bbox 1437 1681 1477 1717; x_wconf 82' lang='lat' dir='ltr'>et</span> <span class='ocrx_word' id='word_1_185' title='bbox 1505 1676 1700 1723; x_wconf 76' lang='lat' dir='ltr'>lactucae,</span> 
     </span>
     <span class='ocr_line' id='line_1_23' title="bbox 166 1745 1698 1803; baseline -0.006 -11"><span class='ocrx_word' id='word_1_186' title='bbox 166 1752 230 1792; x_wconf 88' lang='lat' dir='ltr'>cui</span> <span class='ocrx_word' id='word_1_187' title='bbox 262 1750 421 1803; x_wconf 88' lang='lat' dir='ltr'>quidem</span> <span class='ocrx_word' id='word_1_188' title='bbox 461 1750 638 1790; x_wconf 85' lang='lat' dir='ltr'>sonchos</span> <span class='ocrx_word' id='word_1_189' title='bbox 671 1750 820 1790; x_wconf 89' lang='lat' dir='ltr'>similes</span> <span class='ocrx_word' id='word_1_190' title='bbox 853 1761 945 1789; x_wconf 91' lang='lat' dir='ltr'>esse</span> <span class='ocrx_word' id='word_1_191' title='bbox 978 1750 1124 1790; x_wconf 89' lang='lat' dir='ltr'>Plinius</span> <span class='ocrx_word' id='word_1_192' title='bbox 1166 1750 1317 1789; x_wconf 79' lang='lat' dir='ltr'>scribit.</span> <span class='ocrx_word' id='word_1_193' title='bbox 1388 1749 1438 1788; x_wconf 84' lang='lat' dir='ltr'>Et</span> <span class='ocrx_word' id='word_1_194' title='bbox 1480 1759 1581 1800; x_wconf 87' lang='lat' dir='ltr'>quae</span> <span class='ocrx_word' id='word_1_195' title='bbox 1623 1745 1698 1785; x_wconf 87' lang='lat' dir='ltr'>alia</span> 
     </span>
     <span class='ocr_line' id='line_1_24' title="bbox 164 1819 1702 1875; baseline -0.002 -15"><span class='ocrx_word' id='word_1_196' title='bbox 164 1821 229 1861; x_wconf 86' lang='lat' dir='ltr'>vel</span> <span class='ocrx_word' id='word_1_197' title='bbox 263 1835 315 1862; x_wconf 83' lang='lat' dir='ltr'>ex</span> <span class='ocrx_word' id='word_1_198' title='bbox 344 1833 424 1861; x_wconf 90' lang='lat' dir='ltr'>uno</span> <span class='ocrx_word' id='word_1_199' title='bbox 458 1822 733 1874; x_wconf 81' lang='lat' dir='ltr'>Theophrasto</span> <span class='ocrx_word' id='word_1_200' title='bbox 766 1834 1023 1875; x_wconf 74' lang='lat' dir='ltr'>cognoscas,</span> <span class='ocrx_word' id='word_1_201' title='bbox 1054 1834 1239 1874; x_wconf 85' lang='lat' dir='ltr'>magnam</span> <span class='ocrx_word' id='word_1_202' title='bbox 1269 1822 1308 1860; x_wconf 93' lang='lat' dir='ltr'>in</span> <span class='ocrx_word' id='word_1_203' title='bbox 1348 1822 1449 1861; x_wconf 86' lang='lat' dir='ltr'>cibis</span> <span class='ocrx_word' id='word_1_204' title='bbox 1486 1819 1702 1859; x_wconf 82' lang='lat' dir='ltr'>invenien—</span> 
     </span>
     <span class='ocr_line' id='line_1_25' title="bbox 168 1894 1702 1946; baseline -0.005 -12"><span class='ocrx_word' id='word_1_205' title='bbox 168 1895 229 1934; x_wconf 91' lang='lat' dir='ltr'>dis</span> <span class='ocrx_word' id='word_1_206' title='bbox 260 1895 496 1935; x_wconf 85' lang='lat' dir='ltr'>industriam</span> <span class='ocrx_word' id='word_1_207' title='bbox 528 1895 774 1934; x_wconf 81' lang='lat' dir='ltr'>Graecorum</span> <span class='ocrx_word' id='word_1_208' title='bbox 807 1894 955 1946; x_wconf 89' lang='lat' dir='ltr'>pariter</span> <span class='ocrx_word' id='word_1_209' title='bbox 989 1905 1037 1932; x_wconf 89' lang='lat' dir='ltr'>ac</span> <span class='ocrx_word' id='word_1_210' title='bbox 1075 1904 1198 1944; x_wconf 89' lang='lat' dir='ltr'>saepe</span> <span class='ocrx_word' id='word_1_211' title='bbox 1239 1897 1466 1932; x_wconf 85' lang='lat' dir='ltr'>contentam</span> <span class='ocrx_word' id='word_1_212' title='bbox 1503 1901 1626 1942; x_wconf 84' lang='lat' dir='ltr'>parva</span> <span class='ocrx_word' id='word_1_213' title='bbox 1655 1900 1702 1928; x_wconf 87' lang='lat' dir='ltr'>re</span> 
     </span>
     <span class='ocr_line' id='line_1_26' title="bbox 167 1961 1702 2017; baseline -0.003 -12"><span class='ocrx_word' id='word_1_214' title='bbox 167 1967 314 2006; x_wconf 79' lang='lat' dir='ltr'>famem</span> <span class='ocrx_word' id='word_1_215' title='bbox 344 1967 555 2017; x_wconf 83' lang='lat' dir='ltr'>testantia,</span> <span class='ocrx_word' id='word_1_216' title='bbox 592 1963 771 2017; x_wconf 76' lang='grc' dir='ltr'>λάχανα.</span> <span class='ocrx_word' id='word_1_217' title='bbox 842 1966 908 2005; x_wconf 91' lang='lat' dir='ltr'>Sic</span> <span class='ocrx_word' id='word_1_218' title='bbox 946 1963 1107 2017; x_wconf 85' lang='lat' dir='ltr'>longam</span> <span class='ocrx_word' id='word_1_219' title='bbox 1147 1962 1345 2015; x_wconf 71' lang='grc' dir='ltr'><em>λαχάνων</em></span> <span class='ocrx_word' id='word_1_220' title='bbox 1385 1964 1531 2003; x_wconf 84' lang='lat' dir='ltr'>seriem</span> <span class='ocrx_word' id='word_1_221' title='bbox 1575 1961 1702 2001; x_wconf 86' lang='lat' dir='ltr'>habes</span> 
     </span>
     <span class='ocr_line' id='line_1_27' title="bbox 167 2032 1701 2089; baseline -0.005 -11"><span class='ocrx_word' id='word_1_222' title='bbox 167 2039 208 2078; x_wconf 93' lang='lat' dir='ltr'>in</span> <span class='ocrx_word' id='word_1_223' title='bbox 239 2050 369 2078; x_wconf 88' lang='lat' dir='ltr'>coena</span> <span class='ocrx_word' id='word_1_224' title='bbox 400 2037 553 2088; x_wconf 86' lang='lat' dir='ltr'>Apellis</span> <span class='ocrx_word' id='word_1_225' title='bbox 581 2037 685 2088; x_wconf 89' lang='lat' dir='ltr'>apud</span> <span class='ocrx_word' id='word_1_226' title='bbox 715 2036 966 2076; x_wconf 86' lang='lat' dir='ltr'>Ammianum</span> <span class='ocrx_word' id='word_1_227' title='bbox 996 2035 1130 2089; x_wconf 90' lang='lat' dir='ltr'>Epigr.</span> <span class='ocrx_word' id='word_1_228' title='bbox 1153 2035 1240 2075; x_wconf 90' lang='lat' dir='ltr'>XX.</span> <span class='ocrx_word' id='word_1_229' title='bbox 1262 2036 1332 2085; x_wconf 77' lang='lat' dir='ltr'>[A.</span> <span class='ocrx_word' id='word_1_230' title='bbox 1352 2035 1392 2075; x_wconf 85' lang='lat' dir='ltr'>P.</span> <span class='ocrx_word' id='word_1_231' title='bbox 1413 2034 1452 2074; x_wconf 91' lang='lat' dir='ltr'>T.</span> <span class='ocrx_word' id='word_1_232' title='bbox 1472 2032 1701 2085; x_wconf 69' lang='grc' dir='ltr'><strong>11.ρ.έμ10.)</strong></span> 
     </span>
     <span class='ocr_line' id='line_1_28' title="bbox 166 2105 1701 2160; baseline -0.004 -10"><span class='ocrx_word' id='word_1_233' title='bbox 166 2111 234 2151; x_wconf 91' lang='lat' dir='ltr'>ubi</span> <span class='ocrx_word' id='word_1_234' title='bbox 265 2109 474 2149; x_wconf 88' lang='lat' dir='ltr'>Iacobsius</span> <span class='ocrx_word' id='word_1_235' title='bbox 504 2107 715 2147; x_wconf 85' lang='lat' dir='ltr'>Animadv.</span> <span class='ocrx_word' id='word_1_236' title='bbox 749 2107 835 2147; x_wconf 91' lang='lat' dir='ltr'>Vol.</span> <span class='ocrx_word' id='word_1_237' title='bbox 854 2108 899 2146; x_wconf 92' lang='lat' dir='ltr'>Il.</span> <span class='ocrx_word' id='word_1_238' title='bbox 920 2108 959 2147; x_wconf 94' lang='lat' dir='ltr'>P.</span> <span class='ocrx_word' id='word_1_239' title='bbox 981 2107 1044 2146; x_wconf 87' lang='lat'>111.</span> <span class='ocrx_word' id='word_1_240' title='bbox 1064 2120 1101 2160; x_wconf 93' lang='lat' dir='ltr'>p.</span> <span class='ocrx_word' id='word_1_241' title='bbox 1123 2108 1215 2147; x_wconf 79' lang='lat'><strong>143.</strong></span> <span class='ocrx_word' id='word_1_242' title='bbox 1238 2107 1288 2146; x_wconf 86' lang='lat' dir='ltr'>de</span> <span class='ocrx_word' id='word_1_243' title='bbox 1312 2107 1436 2156; x_wconf 85' lang='lat' dir='ltr'>olere,</span> <span class='ocrx_word' id='word_1_244' title='bbox 1466 2105 1701 2151; x_wconf 86' lang='lat' dir='ltr'>ciboetiam</span> 
     </span>
     <span class='ocr_line' id='line_1_29' title="bbox 167 2175 1701 2231; baseline -0.007 -8"><span class='ocrx_word' id='word_1_245' title='bbox 167 2182 362 2223; x_wconf 89' lang='lat' dir='ltr'>Romanis</span> <span class='ocrx_word' id='word_1_246' title='bbox 399 2180 616 2229; x_wconf 81' lang='lat' dir='ltr'>vilissimo,</span> <span class='ocrx_word' id='word_1_247' title='bbox 662 2179 850 2219; x_wconf 86' lang='lat' dir='ltr'>nonnulla</span> <span class='ocrx_word' id='word_1_248' title='bbox 891 2179 1072 2231; x_wconf 82' lang='lat' dir='ltr'>exempla</span> <span class='ocrx_word' id='word_1_249' title='bbox 1123 2179 1264 2219; x_wconf 84' lang='lat' dir='ltr'>habet:</span> <span class='ocrx_word' id='word_1_250' title='bbox 1309 2177 1508 2218; x_wconf 91' lang='lat' dir='ltr'>Iuvenalis</span> <span class='ocrx_word' id='word_1_251' title='bbox 1537 2176 1604 2216; x_wconf 83' lang='lat' dir='ltr'>Xl.</span> <span class='ocrx_word' id='word_1_252' title='bbox 1635 2175 1701 2214; x_wconf 64' lang='lat'>7&amp;-</span> 
     </span>
     <span class='ocr_line' id='line_1_30' title="bbox 172 2246 1706 2304; baseline -0.006 -9"><span class='ocrx_word' id='word_1_253' title='bbox 172 2255 320 2295; x_wconf 83' lang='lat' dir='ltr'>Curias</span> <span class='ocrx_word' id='word_1_254' title='bbox 347 2264 482 2304; x_wconf 78' lang='lat' dir='ltr'>parco</span> <span class='ocrx_word' id='word_1_255' title='bbox 523 2265 628 2304; x_wconf 85' lang='lat' dir='ltr'>quae</span> <span class='ocrx_word' id='word_1_256' title='bbox 660 2252 811 2304; x_wconf 75' lang='lat' dir='ltr'>leyerat</span> <span class='ocrx_word' id='word_1_257' title='bbox 853 2252 970 2291; x_wconf 80' lang='lat' dir='ltr'>horto</span> <span class='ocrx_word' id='word_1_258' title='bbox 1016 2251 1112 2303; x_wconf 85' lang='lat' dir='ltr'>Ipse</span> <span class='ocrx_word' id='word_1_259' title='bbox 1153 2251 1260 2303; x_wconf 85' lang='lat' dir='ltr'>focis</span> <span class='ocrx_word' id='word_1_260' title='bbox 1301 2250 1490 2289; x_wconf 81' lang='lat' dir='ltr'>brevibus</span> <span class='ocrx_word' id='word_1_261' title='bbox 1527 2246 1706 2299; x_wconf 80' lang='lat' dir='ltr'>ponebat</span> 
     </span>
     <span class='ocr_line' id='line_1_31' title="bbox 171 2321 1704 2374; baseline -0.005 -7"><span class='ocrx_word' id='word_1_262' title='bbox 171 2326 357 2367; x_wconf 88' lang='lat' dir='ltr'>oluscula</span> <span class='ocrx_word' id='word_1_263' title='bbox 391 2330 466 2365; x_wconf 87' lang='lat' dir='ltr'>etc.</span> <span class='ocrx_word' id='word_1_264' title='bbox 511 2331 551 2365; x_wconf 83' lang='lat' dir='ltr'>et</span> <span class='ocrx_word' id='word_1_265' title='bbox 583 2325 752 2365; x_wconf 87' lang='lat' dir='ltr'>Ofellum</span> <span class='ocrx_word' id='word_1_266' title='bbox 787 2324 938 2364; x_wconf 86' lang='lat' dir='ltr'>Horatii</span> <span class='ocrx_word' id='word_1_267' title='bbox 977 2324 1101 2364; x_wconf 87' lang='lat' dir='ltr'>Serm.</span> <span class='ocrx_word' id='word_1_268' title='bbox 1133 2323 1178 2363; x_wconf 91' lang='grc' dir='ltr'>ΙΙ.</span> <span class='ocrx_word' id='word_1_269' title='bbox 1212 2324 1260 2374; x_wconf 71' lang='grc'>2,</span> <span class='ocrx_word' id='word_1_270' title='bbox 1296 2322 1386 2363; x_wconf 87' lang='grc'><strong>116.</strong></span> <span class='ocrx_word' id='word_1_271' title='bbox 1425 2321 1516 2361; x_wconf 80' lang='lat' dir='ltr'>Non</span> <span class='ocrx_word' id='word_1_272' title='bbox 1548 2332 1618 2373; x_wconf 76' lang='lat'>690</span> <span class='ocrx_word' id='word_1_273' title='bbox 1651 2343 1704 2350; x_wconf 90' lang='lat'>—-</span> 
     </span>
     <span class='ocr_line' id='line_1_32' title="bbox 173 2395 1708 2449; baseline -0.005 -11"><span class='ocrx_word' id='word_1_274' title='bbox 173 2403 320 2438; x_wconf 86' lang='lat' dir='ltr'>temero</span> <span class='ocrx_word' id='word_1_275' title='bbox 348 2397 412 2437; x_wconf 88' lang='lat' dir='ltr'>edi</span> <span class='ocrx_word' id='word_1_276' title='bbox 450 2398 538 2436; x_wconf 84' lang='lat' dir='ltr'>luce</span> <span class='ocrx_word' id='word_1_277' title='bbox 575 2397 763 2449; x_wconf 84' lang='lat' dir='ltr'>profesta</span> <span class='ocrx_word' id='word_1_278' title='bbox 795 2395 1019 2446; x_wconf 78' lang='lat' dir='ltr'>Quicquam</span> <span class='ocrx_word' id='word_1_279' title='bbox 1044 2400 1215 2447; x_wconf 85' lang='lat' dir='ltr'>praeter</span> <span class='ocrx_word' id='word_1_280' title='bbox 1245 2395 1360 2445; x_wconf 85' lang='lat' dir='ltr'>olus,</span> <span class='ocrx_word' id='word_1_281' title='bbox 1391 2395 1579 2447; x_wconf 85' lang='lat' dir='ltr'>fumosae</span> <span class='ocrx_word' id='word_1_282' title='bbox 1617 2404 1708 2431; x_wconf 83' lang='lat' dir='ltr'>cum</span> 
     </span>
     <span class='ocr_line' id='line_1_33' title="bbox 168 2465 1706 2522; baseline -0.005 -13"><span class='ocrx_word' id='word_1_283' title='bbox 168 2471 273 2522; x_wconf 88' lang='lat' dir='ltr'>pede</span> <span class='ocrx_word' id='word_1_284' title='bbox 299 2481 469 2521; x_wconf 77' lang='lat' dir='ltr'>pernae.</span> <span class='ocrx_word' id='word_1_285' title='bbox 528 2469 656 2521; x_wconf 87' lang='lat' dir='ltr'>Magis</span> <span class='ocrx_word' id='word_1_286' title='bbox 688 2480 838 2520; x_wconf 86' lang='lat' dir='ltr'>pauper</span> <span class='ocrx_word' id='word_1_287' title='bbox 868 2480 984 2520; x_wconf 87' lang='lat' dir='ltr'>quam</span> <span class='ocrx_word' id='word_1_288' title='bbox 1016 2467 1185 2518; x_wconf 77' lang='lat' dir='ltr'>Ofellus,</span> <span class='ocrx_word' id='word_1_289' title='bbox 1217 2472 1257 2506; x_wconf 78' lang='lat' dir='ltr'>et</span> <span class='ocrx_word' id='word_1_290' title='bbox 1287 2478 1403 2519; x_wconf 86' lang='lat' dir='ltr'>quam</span> <span class='ocrx_word' id='word_1_291' title='bbox 1425 2465 1587 2517; x_wconf 87' lang='lat' dir='ltr'>Apelles</span> <span class='ocrx_word' id='word_1_292' title='bbox 1617 2465 1706 2512; x_wconf 88' lang='lat' dir='ltr'>iste,</span> 
     </span>
     <span class='ocr_line' id='line_1_34' title="bbox 175 2535 1704 2594; baseline -0.006 -12"><span class='ocrx_word' id='word_1_293' title='bbox 175 2542 242 2594; x_wconf 88' lang='lat' dir='ltr'>qui</span> <span class='ocrx_word' id='word_1_294' title='bbox 273 2547 405 2582; x_wconf 83' lang='lat' dir='ltr'>tamen</span> <span class='ocrx_word' id='word_1_295' title='bbox 437 2541 686 2581; x_wconf 85' lang='lat' dir='ltr'>multitudine</span> <span class='ocrx_word' id='word_1_296' title='bbox 715 2540 867 2580; x_wconf 89' lang='lat' dir='ltr'>olerum</span> <span class='ocrx_word' id='word_1_297' title='bbox 899 2541 1039 2580; x_wconf 88' lang='lat' dir='ltr'>nescio</span> <span class='ocrx_word' id='word_1_298' title='bbox 1070 2552 1186 2592; x_wconf 86' lang='lat' dir='ltr'>quam</span> <span class='ocrx_word' id='word_1_299' title='bbox 1215 2550 1312 2592; x_wconf 87' lang='lat' dir='ltr'>prae</span> <span class='ocrx_word' id='word_1_300' title='bbox 1336 2551 1382 2579; x_wconf 90' lang='lat' dir='ltr'>se</span> <span class='ocrx_word' id='word_1_301' title='bbox 1410 2538 1568 2578; x_wconf 84' lang='lat' dir='ltr'>ferebat</span> <span class='ocrx_word' id='word_1_302' title='bbox 1588 2535 1704 2574; x_wconf 87' lang='lat' dir='ltr'>luxu-</span> 
     </span>
     <span class='ocr_line' id='line_1_35' title="bbox 173 2610 1709 2667; baseline -0.006 -13"><span class='ocrx_word' id='word_1_303' title='bbox 173 2615 300 2662; x_wconf 87' lang='lat' dir='ltr'>riam,</span> <span class='ocrx_word' id='word_1_304' title='bbox 332 2626 481 2667; x_wconf 86' lang='lat' dir='ltr'>auceps</span> <span class='ocrx_word' id='word_1_305' title='bbox 512 2614 646 2653; x_wconf 87' lang='lat' dir='ltr'>Babrii</span> <span class='ocrx_word' id='word_1_306' title='bbox 676 2614 770 2653; x_wconf 88' lang='lat' dir='ltr'>Fab.</span> <span class='ocrx_word' id='word_1_307' title='bbox 800 2613 865 2652; x_wconf 86' lang='lat' dir='ltr'>IX.</span> <span class='ocrx_word' id='word_1_308' title='bbox 902 2612 1060 2665; x_wconf 87' lang='lat' dir='ltr'>(XVIII.</span> <span class='ocrx_word' id='word_1_309' title='bbox 1093 2612 1156 2652; x_wconf 89' lang='lat' dir='ltr'>ed.</span> <span class='ocrx_word' id='word_1_310' title='bbox 1190 2619 1306 2664; x_wconf 83' lang='lat' dir='ltr'>nup.)</span> <span class='ocrx_word' id='word_1_311' title='bbox 1336 2615 1578 2652; x_wconf 83' lang='lat' dir='ltr'>coenaturus</span> <span class='ocrx_word' id='word_1_312' title='bbox 1619 2610 1709 2646; x_wconf 80' lang='lat' dir='ltr'>erat</span> 
     </span>
     <span class='ocr_line' id='line_1_36' title="bbox 174 2678 1706 2738; baseline -0.005 -13"><span class='ocrx_word' id='word_1_313' title='bbox 174 2682 377 2737; x_wconf 74' lang='grc' dir='ltr'><em>θύμβραν</em></span> <span class='ocrx_word' id='word_1_314' title='bbox 410 2685 481 2725; x_wconf 80' lang='grc' dir='ltr'>καί</span> <span class='ocrx_word' id='word_1_315' title='bbox 517 2688 683 2734; x_wconf 79' lang='grc' dir='ltr'><strong><em>σέλινα,</em></strong></span> <span class='ocrx_word' id='word_1_316' title='bbox 714 2698 832 2738; x_wconf 89' lang='lat' dir='ltr'>quum</span> <span class='ocrx_word' id='word_1_317' title='bbox 875 2684 1182 2737; x_wconf 85' lang='lat' dir='ltr'>superveniente</span> <span class='ocrx_word' id='word_1_318' title='bbox 1223 2683 1407 2735; x_wconf 81' lang='lat' dir='ltr'>hospite,</span> <span class='ocrx_word' id='word_1_319' title='bbox 1446 2682 1496 2721; x_wconf 88' lang='lat' dir='ltr'>de</span> <span class='ocrx_word' id='word_1_320' title='bbox 1527 2678 1706 2732; x_wconf 82' lang='lat' dir='ltr'>perdice,</span> 
     </span>
     <span class='ocr_line' id='line_1_37' title="bbox 174 2751 1710 2811; baseline -0.004 -16"><span class='ocrx_word' id='word_1_321' title='bbox 174 2761 381 2796; x_wconf 85' lang='lat' dir='ltr'>mansueta</span> <span class='ocrx_word' id='word_1_322' title='bbox 412 2758 500 2808; x_wconf 84' lang='lat' dir='ltr'>illa,</span> <span class='ocrx_word' id='word_1_323' title='bbox 527 2763 567 2797; x_wconf 85' lang='lat' dir='ltr'>et</span> <span class='ocrx_word' id='word_1_324' title='bbox 599 2758 648 2797; x_wconf 89' lang='lat' dir='ltr'>de</span> <span class='ocrx_word' id='word_1_325' title='bbox 679 2758 786 2810; x_wconf 86' lang='lat' dir='ltr'>gallo</span> <span class='ocrx_word' id='word_1_326' title='bbox 818 2758 1047 2811; x_wconf 83' lang='lat' dir='ltr'>gallinaceo</span> <span class='ocrx_word' id='word_1_327' title='bbox 1079 2758 1260 2810; x_wconf 82' lang='lat' dir='ltr'>cogitare</span> <span class='ocrx_word' id='word_1_328' title='bbox 1302 2755 1446 2806; x_wconf 85' lang='lat' dir='ltr'>coepit.</span> <span class='ocrx_word' id='word_1_329' title='bbox 1507 2751 1565 2791; x_wconf 88' lang='lat' dir='ltr'>Cf.</span> <span class='ocrx_word' id='word_1_330' title='bbox 1598 2751 1710 2790; x_wconf 83' lang='lat' dir='ltr'>Leo-</span> 
     </span>
     <span class='ocr_line' id='line_1_38' title="bbox 176 2826 1707 2883; baseline -0.004 -15"><span class='ocrx_word' id='word_1_331' title='bbox 176 2828 294 2869; x_wconf 85' lang='lat' dir='ltr'>nidas</span> <span class='ocrx_word' id='word_1_332' title='bbox 321 2828 408 2869; x_wconf 85' lang='lat' dir='ltr'>Tar.</span> <span class='ocrx_word' id='word_1_333' title='bbox 437 2830 514 2869; x_wconf 89' lang='lat' dir='ltr'>LV.</span> <span class='ocrx_word' id='word_1_334' title='bbox 546 2831 615 2881; x_wconf 89' lang='lat' dir='ltr'>(A.</span> <span class='ocrx_word' id='word_1_335' title='bbox 638 2831 679 2870; x_wconf 90' lang='lat' dir='ltr'>P.</span> <span class='ocrx_word' id='word_1_336' title='bbox 714 2831 755 2870; x_wconf 91' lang='lat' dir='ltr'>T.</span> <span class='ocrx_word' id='word_1_337' title='bbox 779 2830 809 2869; x_wconf 92' lang='grc' dir='ltr'>Ι.</span> <span class='ocrx_word' id='word_1_338' title='bbox 839 2843 875 2883; x_wconf 82' lang='lat' dir='ltr'>p.</span> <span class='ocrx_word' id='word_1_339' title='bbox 898 2830 1018 2879; x_wconf 76' lang='lat'>531.)</span> <span class='ocrx_word' id='word_1_340' title='bbox 1065 2830 1228 2875; x_wconf 87' lang='lat' dir='ltr'>Rursus</span> <span class='ocrx_word' id='word_1_341' title='bbox 1256 2827 1433 2880; x_wconf 70' lang='grc' dir='ltr'><em>θύμβρα</em></span> <span class='ocrx_word' id='word_1_342' title='bbox 1462 2826 1504 2865; x_wconf 79' lang='lat' dir='ltr'>i&#39;n</span> <span class='ocrx_word' id='word_1_343' title='bbox 1534 2828 1707 2864; x_wconf 82' lang='lat' dir='ltr'>mentem</span> 
     </span>
    </p>
   </div>
  </div>
 </body>
</html>
