1856 3126
766 135 819 142 ——-
886 116 1079 153 160—-

156 237 242 276 rior
271 235 305 275 si
337 245 420 274 non
453 245 546 273 rasa
582 245 657 285 ope
689 233 937 285 novaculae,
979 237 1021 272 ut
1052 245 1159 273 nunc
1195 233 1359 272 barbam
1405 231 1552 271 radere
1584 231 1697 270 sole—

157 320 262 357 muS,
295 312 426 347 tamen
460 318 574 346 coma
607 307 659 345 ita
690 306 859 345 detonsa
890 318 938 345 ac
970 305 1190 355 decurtata,
1219 310 1259 344 ut
1287 305 1428 355 ὲγκυτί
1445 305 1697 355 κεκαρμένος

155 384 267 419 recte
299 379 528 429 diceretur,
561 379 626 430 qui
671 390 720 418 eo
758 390 911 431 genere
956 378 1152 418 utebatur.
1211 378 1398 427 Scilicet,
1444 386 1546 426 quae
1591 374 1696 426 apud

153 452 333 492 Abantes
366 463 510 491 caussa
541 455 660 503 atque
695 451 811 504 origo
842 455 1034 490 tonsurae
1065 450 1179 490 huius
1209 449 1257 491 ab
1290 449 1376 501 ipso
1407 442 1645 497 Plutarcho,
1672 459 1695 486 a

156 524 354 565 Strabone
387 524 436 564 X.
467 536 503 575 p.
522 521 616 563 714.
637 523 684 562 A.
715 522 780 564 ed.
811 521 952 562 Almel.
986 526 1025 561 et
1058 522 1106 561 ab
1137 521 1421 574 Interpretibus
1449 519 1613 559 Homeri
1645 517 1696 558 ad

153 597 194 636 ll.
226 596 270 635 ll.
292 596 386 635 5452.
416 595 663 647 perhibetur,
691 606 744 634 ne
774 596 813 634 in
845 594 1034 634 conflictu
1065 606 1277 646 corporum
1310 593 1436 632 hostis
1466 591 1695 644 apprehen-

154 669 251 708 dere
281 667 447 720 capillos
477 672 627 719 posset.
697 667 805 706 Idem
841 665 1051 706 consilium
1082 666 1239 705 Theseo
1272 665 1420 704 diserte
1451 664 1584 703 tribuit
1614 664 1696 702 Po·-

152 741 319 793 lyaenus
353 741 522 791 Strateg.
553 738 581 779 Ι.
613 751 698 791 cap.
732 736 770 779 4.
830 738 949 778 Aliud
981 742 1042 777 est
1070 750 1187 789 quum
1217 742 1342 777 mater
1370 736 1514 776 Thesei
1542 735 1692 776 Aethra

152 813 305 852 assidet
335 810 377 851 ἐν
409 813 500 866 χρῷ
532 812 765 864 κεκαρμένη
797 810 964 850 Pausan.
997 810 1045 852 X.
1077 810 1144 860 95,
1164 810 1200 849 7.
1231 814 1363 857 tonsa,
1394 808 1583 848 indicium
1601 819 1694 847 ser-

152 887 298 926 vitutis.
358 885 417 924 De
447 884 673 923 Abantibus
706 884 837 923 obiter
876 882 982 922 addo
1017 882 1199 923 Nonnum
1229 881 1330 921 Xlll.
1367 880 1458 921 166.
1517 878 1694 929 Χαλκίς,

151 954 450 1007 ὀπισθοκόμων
483 957 764 1008 μητρόπτολις
789 953 1080 1005 Ἐλλοπιήωνε
1114 953 1165 993 cf.
1196 951 1291 993 420.
1321 958 1360 992 et
1392 953 1691 1003 ὀπισθοκόμων

149 1027 347 1081 μερόπων
379 1027 531 1079 Evang.
556 1026 609 1065 lo.
639 1025 683 1064 Il.
704 1027 739 1064 Ω.
801 1025 917 1072 Quod
948 1025 1091 1076 aliquis
1125 1025 1305 1075 obiiciat,
1330 1036 1557 1077 repugnare
1590 1024 1692 1063 haec

153 1112 271 1152 supra
308 1112 328 1138 a
360 1111 423 1138 me
468 1098 627 1150 scriptis
670 1097 763 1149 Cap.
796 1095 857 1136 ΙΙΙ.
905 1108 942 1148 p.
975 1096 1040 1137 90.
1084 1097 1151 1135 ubi
1193 1096 1455 1148 prodeuntem
1494 1095 1690 1134 Theseum

153 1177 425 1225 comparatum
469 1184 556 1211 cum
588 1170 750 1210 iuvenili
783 1169 979 1222 Apollinis
1009 1170 1148 1222 specie
1188 1182 1280 1209 esse
1313 1169 1500 1209 conieci:
1546 1168 1621 1207 etsi
1651 1168 1691 1207 in

151 1252 228 1286 tam
259 1246 411 1285 lubrico
446 1249 708 1298 argumento,
737 1243 805 1283 ubi
844 1243 1010 1295 plurima
1040 1248 1129 1282 sunt
1174 1244 1212 1282 in
1257 1241 1502 1282 coniecturis
1547 1241 1691 1292 posita,

150 1320 312 1359 minime
340 1317 508 1370 puderet
539 1318 588 1357 de
623 1318 764 1356 eadem
797 1328 842 1356 re
875 1315 1034 1356 diversa
1067 1316 1222 1368 sibique
1254 1314 1572 1355 contradicentia
1593 1324 1693 1365 pro-

150 1389 302 1439 tulisse,
340 1400 417 1439 quo
450 1388 618 1427 liberum
649 1387 792 1426 lectori
822 1392 943 1437 esset,
976 1391 1042 1426 aut
1072 1386 1176 1435 hoc,
1211 1391 1275 1425 aut
1309 1386 1472 1426 alterum
1504 1386 1689 1438 amplecti

151 1462 421 1502 contrarium:
454 1464 586 1499 tamen
621 1470 666 1497 re
693 1470 789 1497 vera
823 1469 904 1497 non
938 1462 1192 1509 repugnant,
1228 1457 1260 1496 si
1293 1458 1452 1509 quidem
1492 1468 1574 1495 non
1619 1467 1689 1495 re-

150 1533 382 1584 quirebatur
413 1533 452 1571 in
497 1530 799 1582 comparatione
832 1528 926 1579 illa,
958 1533 1000 1568 ut
1038 1528 1217 1567 Theseus
1261 1540 1333 1580 per
1374 1529 1507 1568 omnia
1551 1528 1690 1567 similis

148 1605 323 1657 Apollini
356 1608 475 1642 esset.
536 1601 752 1641 Pausanias
784 1605 914 1639 autem
955 1599 1062 1651 quod
1097 1599 1217 1639 tradit
1246 1599 1273 1638 Ι.
1310 1599 1381 1649 19,
1416 1602 1450 1639 1.
1486 1600 1535 1639 de
1574 1599 1691 1651 puel—

150 1677 418 1729 lariprimum
460 1674 697 1714 introeuntis
728 1673 767 1712 in
799 1672 939 1711 urbem
971 1672 1116 1712 Thesei
1147 1673 1304 1724 specie,
1336 1673 1618 1724 πεπλεγμένης
1648 1672 1691 1717 ἐς

149 1748 357 1800 εὐπρεπὲς
387 1745 423 1787 οἱ
458 1749 532 1800 τῆς
562 1749 718 1800 κόμης,
751 1750 817 1785 aut
849 1746 1024 1785 alienum
1058 1750 1118 1785 est
1151 1757 1173 1784 a
1205 1744 1477 1795 Callimacho,
1516 1750 1581 1784 aut
1611 1745 1690 1784 hoc

150 1833 309 1874 quoque
342 1821 407 1872 qui
436 1820 559 1869 volet,
592 1831 680 1858 cum
708 1822 874 1857 tonsura
899 1817 1077 1872 Θησηΐδι
1102 1818 1356 1857 conciliabit:
1386 1818 1542 1869 plexam
1566 1817 1690 1856 fuisse

151 1894 199 1932 ab
233 1893 422 1944 occipitio
455 1891 695 1930 defluentem
726 1891 871 1931 Thesei
902 1885 1051 1930 ὄπιθεν
1092 1892 1324 1941 κομόωιιτος
1360 1903 1530 1930 comam.
1589 1890 1691 1930 Fra—

149 1971 314 2018 gmento
346 1964 509 2003 CCCXl.
540 1975 623 2002 non
657 1964 790 2014 inepte
821 1964 1094 2015 praemittetur
1122 1963 1278 2015 Fragm.
1314 1962 1516 2002 CCXClX.

728 2035 818 2074 τόδ’
846 2032 930 2085 ἔχω
959 2034 1099 2084 σέβας.

151 2111 191 2149 in
219 2121 297 2161 quo
329 2107 485 2157 Suidas,
520 2106 676 2146 scilicet
705 2107 936 2158 graviorem
969 2105 1185 2157 aliquanto,
1214 2117 1316 2157 quae
1351 2105 1452 2157 apud
1475 2106 1688 2144 Homerum

151 2182 303 2222 obtinet
333 2181 481 2231 (σέβας
512 2181 553 2229 μ’
585 2176 674 2230 ἔχει
706 2175 977 2230 εἰσορόωντα,
1009 2177 1072 2216 vel
1103 2176 1397 2230 εἰσορόωσαν),
1424 2177 1692 2231 significatio-

151 2267 243 2293 nem
273 2254 388 2292 vocis
416 2252 653 2303 respiciens,
685 2249 834 2289 diserte
865 2247 908 2290 τὸ
939 2250 1091 2300 θαῦμα
1124 2249 1355 2303 significare
1385 2252 1512 2302 σέβας
1542 2254 1689 2289 monet.

151 2327 279 2366 miror
311 2324 400 2376 quis
430 2323 494 2363 hic
522 2322 575 2362 sit
606 2326 775 2360 ornatus
809 2333 957 2360 comae.

266 2397 556 2450 Respondebat
584 2395 789 2446 Theseus,
821 2395 1125 2447 explicabatque
1158 2398 1346 2433 tonsurae
1384 2394 1469 2433 eius
1501 2394 1691 2433 occasio-

153 2484 246 2511 nem
276 2475 316 2510 et
356 2470 531 2510 fortasse
567 2479 765 2508 caussam.
826 2467 911 2514 Qua
942 2468 980 2506 in
1014 2466 1282 2519 explicatione
1314 2467 1489 2506 sortasse
1519 2465 1597 2505 hoc
1629 2464 1692 2504 le-

155 2543 346 2595 gebatur:

954 2608 1011 2650 ἔτι
1048 2608 1278 2660 πλοκάμοις)
1311 2609 1522 2660 περίθριξ.

159 2681 305 2719 Thesei
334 2681 484 2731 verba,
522 2692 624 2732 quae
655 2685 716 2720 est
755 2680 989 2720 coniectura
1023 2692 1110 2719 mea
1131 2710 1142 2729 ,
1174 2679 1223 2719 de
1254 2685 1456 2732 tempore,
1485 2690 1562 2731 quo
1592 2690 1691 2731 puer

159 2752 230 2791 suit
263 2754 458 2792 intonsus.
500 2754 540 2793 Si
573 2751 804 2792 Callimachi
838 2752 938 2791 haec
966 2756 1204 2803 sunt,⁴quae
1237 2753 1325 2790 sine
1357 2751 1516 2790 nomine
1543 2748 1692 2802 legun-

161 2829 223 2863 tur
265 2824 367 2876 apud
402 2824 562 2865 Suidam
595 2825 634 2863 in
678 2824 904 2877 Περίθριξ.
974 2824 1032 2863 De
1072 2824 1266 2876 scriptura
1310 2822 1480 2873 frustra,
1525 2822 1558 2861 si
1597 2821 1691 2874 quid
