1856 3126
753 106 1026 142 ,61-

124 227 276 263 taurum
309 222 444 273 Argos
475 221 708 272 perductum
738 222 787 275 ab
818 221 1012 270 Hercule,
1057 221 1106 261 ab
1135 220 1286 260 lunone
1314 220 1354 259 in
1382 219 1554 260 Atticam
1585 229 1656 259 re-

124 296 285 348 gionem
316 290 521 343 expulsum
552 300 656 328 esse.

236 365 338 404 Hinc
363 361 569 402 dubitandi
602 372 764 412 campus
793 373 841 400 ac
874 362 1041 401 materia
1082 362 1269 414 aperitur.
1328 360 1491 402 Scilicet
1530 359 1661 398 inter-

125 437 272 476 fectum
305 448 327 476 a
351 440 470 475 -tauro
499 432 763 485 Androgeum
792 433 934 472 Minois
968 433 1103 484 filium,
1135 438 1173 471 et
1205 432 1364 482 bellum,
1395 431 1502 484 quod
1533 443 1581 470 ea
1607 429 1660 470 de

126 516 248 545 causa
276 503 588 544 Atheniensibus
607 503 737 542 Minos
767 507 881 554 pater
910 501 1052 550 intulit,
1084 501 1288 555 finivitque
1312 503 1546 543 conditione
1569 503 1661 552 hac,

123 581 166 616 ut
191 588 263 628 per
289 586 434 614 novem
466 586 594 615 annos
626 575 665 614 in
696 575 853 614 Cretam
885 575 1097 626 quotannis
1124 573 1276 625 funera
1307 575 1554 626 Cecropiae,
1587 586 1663 614 nee

119 649 293 700 funera,
317 651 609 699 portarentur,
640 648 679 687 in
716 647 856 699 dapem
888 647 1142 686 Minotauro:
1181 646 1282 685 haec
1313 649 1446 686 onmia
1479 648 1660 699 attigisse

124 720 432 770 Callimachum,
465 719 584 759 facile
624 720 747 759 eredo
776 724 939 772 propter
981 718 1239 766 Pausaniam,
1272 718 1337 768 qui
1379 729 1427 757 ea
1465 719 1503 757 in
1545 730 1660 758 suum

124 792 368 845 narrationis
400 791 583 831 ordinem
613 792 789 843 recepit;
821 796 960 842 estque
992 790 1069 829 hoc
1100 789 1392 841 chronologiae
1423 789 1477 828 illi
1499 795 1663 830 nostrae

124 868 457 912 consentaneum,
488 864 522 903 si
553 863 713 915 quidem
746 863 836 903 dum
867 863 970 902 haec
993 867 1186 915 geruntur
1208 862 1355 911 onmia,
1387 861 1565 901 Theseus
1597 866 1664 901 aut

126 935 451 975 commorabatur
482 936 583 987 apud
614 935 875 985 Troezenios,
911 940 975 975 aut
1006 935 1129 987 longo
1164 935 1323 984 itinere,
1361 933 1468 984 quod
1501 933 1663 986 longius

122 1012 288 1060 propter
312 1000 573 1059 'exstirpanda
605 1020 709 1047 nunc
742 1007 882 1046 dextra
915 1019 1020 1046 nune
1058 1007 1219 1046 sinistra
1247 1009 1359 1057 parte
1397 1009 1582 1056 portenta
1615 1017 1664 1044 ac

123 1080 360 1129 latrocinia,
389 1081 596 1119 Troezene
631 1080 810 1119 Athenas
844 1079 1049 1130 pergebat.
1110 1078 1186 1125 Qui
1220 1078 1270 1118 ad
1310 1090 1440 1118 annos
1479 1077 1552 1117 has
1594 1088 1661 1117 res

126 1155 363 1203 exegerunt,
393 1151 625 1191 Plutarchus
657 1153 814 1191 Theseo
844 1165 877 1191 c.
913 1152 957 1190 15
991 1151 1073 1189 init.
1108 1155 1147 1190 et
1176 1163 1209 1190 c.
1248 1150 1308 1190 17.
1338 1151 1420 1190 init.
1454 1150 1660 1190 Diodorus

127 1224 188 1263 lV.
212 1223 279 1263 61.
312 1223 480 1263 Ovidius
498 1223 597 1263 Vlll.
622 1223 712 1263 170.
737 1226 769 1263 1.
805 1223 876 1272 (cf.
909 1223 1052 1262 Meurs.
1087 1223 1136 1262 de
1165 1222 1309 1274 Regib.
1338 1222 1575 1262 Atheniens.
1594 1222 1660 1262 ΙΙΙ.

128 1296 186 1342 9.)
220 1296 295 1334 etsi
327 1294 377 1333 de
407 1307 471 1344 eo,
503 1307 618 1346 quam
651 1294 716 1333 diu
746 1294 838 1333 illud
872 1294 1124 1333 inhumanum
1145 1294 1291 1333 Minois
1320 1298 1477 1345 paetum
1510 1293 1664 1346 perdu-

124 1367 297 1416 raverit,
342 1366 602 1417 dissentiunt,
637 1368 678 1406 in
708 1378 757 1405 eo
789 1370 923 1405 tamen
957 1367 1196 1415 concinunt,
1224 1370 1267 1404 ut
1297 1365 1441 1404 bellum
1472 1369 1512 1405 et
1542 1366 1662 1405 finem

125 1439 244 1488 belli,
278 1439 511 1490 initiumque
542 1438 649 1489 pacti
680 1443 772 1477 ante
804 1438 948 1477 Thesei
980 1439 1021 1478 in
1059 1438 1198 1477 urbem
1228 1438 1476 1478 Athenarum
1505 1438 1663 1478 adven-

126 1515 203 1550 tum
237 1515 402 1563 ponant,
434 1515 472 1549 et
503 1514 584 1549 tres
618 1522 770 1560 annos,
804 1510 866 1549 vel
900 1510 1019 1549 etiam
1051 1509 1205 1562 plures,
1235 1510 1284 1549 ab
1314 1510 1427 1550 initio
1458 1510 1565 1562 pacti
1593 1522 1666 1550 us-

126 1595 202 1635 que
238 1582 287 1622 ad
319 1583 554 1622 dissolutum
585 1582 730 1621 Thesei
763 1582 812 1621 de
845 1582 1070 1622 Minotauro
1100 1583 1269 1622 victoria
1300 1587 1522 1622 numerent.
1564 1582 1664 1622 Illud

128 1656 287 1695 dubium
329 1660 414 1704 est,
457 1666 573 1706 quam
617 1654 883 1694 Callimachus
922 1660 989 1694 aut
1034 1655 1156 1708 longe
1197 1660 1263 1695 aut
1303 1656 1479 1695 breviter
1517 1654 1664 1694 bellum

126 1728 269 1767 Minois
300 1729 546 1767 tractaverit.
606 1727 653 1766 Et
683 1728 879 1777 maxime,
916 1739 964 1766 an
1000 1728 1258 1766 coniunctum
1304 1739 1391 1767 cum
1437 1727 1516 1766 hoc
1559 1726 1665 1766 bello

126 1800 370 1853 Megaricum
403 1799 548 1838 Minois
580 1798 751 1849 bellum,
791 1799 929 1839 Nisum
961 1799 1236 1851 Scyllamque,
1266 1798 1443 1838 nobilem
1473 1797 1664 1848 fabulam,

125 1873 311 1925 attigerit.
373 1872 587 1911 Pausanias
621 1871 779 1923 quidem
816 1871 867 1910 illi
910 1883 1008 1910 suae
1050 1870 1273 1910 narrationi
1306 1882 1395 1910 eam
1426 1882 1508 1910 non
1548 1871 1664 1909 inse-

125 1945 227 1993 ruit,
256 1943 428 1983 fortasse
459 1943 665 1982 brevitatis
699 1955 866 1982 caussa:
910 1943 1095 1995 agnoscit
1129 1943 1234 1982 enim
1266 1942 1357 1982 alibi
1390 1943 1417 1982 1.
1458 1941 1521 1981 19.
1552 1940 1590 1981 4.
1624 1946 1665 1980 et

126 2015 248 2054 habet
273 2015 545 2067 Apollodorus
573 2014 597 2054 l.
634 2014 658 2053 1.
688 2014 751 2053 lll.
789 2015 851 2064 15,
881 2015 919 2054 8.
979 2015 1118 2066 Neque
1150 2014 1256 2066 quod
1287 2014 1505 2053 Pausanias
1537 2014 1563 2052 Ι.
1597 2013 1665 2053 39.

132 2091 232 2127 extr.
275 2086 360 2137 41,
395 2089 432 2125 5.
480 2086 639 2136 scribit,
679 2086 940 2139 Megarenses
983 2087 1093 2138 ipsos
1140 2085 1285 2125 bellum
1335 2086 1414 2125 hoe
1453 2085 1666 2135 Creticum,

132 2171 309 2210 suaeque
341 2159 452 2198 urbis
484 2158 556 2198 sub
597 2157 694 2198 Niso
738 2158 1075 2210 expugnationem
1120 2157 1393 2207 dissimulare,
1423 2157 1667 2197 Callimacho

135 2241 279 2268 caussa
311 2241 402 2269 esse
442 2228 649 2268 omittendi
687 2229 825 2281 potuit.
886 2227 1022 2280 ltaque
1064 2240 1169 2268 nunc
1213 2230 1299 2269 tere
1339 2230 1522 2282 persuasi
1560 2229 1668 2278 mihi,

133 2313 215 2340 non
248 2301 434 2341 omisisse
467 2298 774 2347 Callimachum,
814 2297 886 2337 sed
930 2298 1114 2350 attigisse
1160 2299 1334 2339 fabulam
1365 2299 1667 2338 nobilissimam.

133 2372 182 2412 Et
212 2374 415 2424 pertinere
445 2384 495 2412 eo
518 2373 756 2425 Fragmenta
787 2382 809 2409 a
841 2382 903 2410 me
936 2371 976 2410 in
1006 2370 1308 2424 Prolegomenis
1337 2382 1374 2421 p.
1403 2371 1464 2408 12.
1495 2368 1670 2409 indicata

138 2445 216 2484 (luo
245 2445 370 2484 haec:
403 2444 634 2485 Callimachi
667 2442 910 2483 CLXXXIV.

249 2512 417 2556 Σκύλλα
446 2514 548 2569 γυνὴ
580 2516 794 2556 namnam
826 2514 899 2553 καί
927 2514 980 2552 ου’
1007 2512 1150 2564 ψύθος
1180 2507 1323 2563 οἷίὀμί
1350 2510 1523 2562 ἔχουσα.

135 2592 175 2628 et
203 2588 484 2640 Fragmentum
516 2600 702 2639 anonym.
735 2586 807 2625 sed
841 2585 946 2637 quod
980 2590 1019 2624 et
1053 2597 1124 2636 per
1153 2596 1198 2623 se
1227 2585 1351 2635 ipsum
1387 2582 1668 2623 Callimachum

135 2659 282 2709 spirat,
314 2662 353 2698 et
394 2663 609 2711 cognatum
643 2659 766 2710 priori
800 2660 1075 2709 argumentum
1106 2659 1271 2704 tractat,
1302 2655 1405 2706 apud
1436 2654 1597 2695 Suidam
1631 2669 1668 2696 v.

138 2730 305 2781 Κρὲκαε

514 2800 760 2855 πορφυρέην
793 2794 925 2853 ἤμησε
957 2799 1096 2852 κρέκα.
