1856 3126
794 143 1092 182 -278-

182 259 215 297 si
250 256 556 297 accommodare
585 257 662 297 hoc
685 257 734 298 ad
765 258 938 299 Hecaten
967 259 1138 310 iuberer,
1166 260 1287 300 verba
1310 272 1402 301 csse
1424 260 1567 300 Thesei
1590 271 1694 301 con-

183 330 344 368 iicerem
375 328 608 368 collocanda
640 330 677 368 in
716 331 861 370 vicinia
890 331 1115 384 Fragmenti
1145 331 1314 371 CXXXI.
1345 328 1480 385 ἄνωγε
1509 333 1555 374 δὲ
1584 348 1690 386 πορ-

181 402 295 450 θμέα
327 401 505 452 νεκρῶνε
536 413 678 452 preces
710 402 802 453 deo,
830 407 871 443 ut
902 403 1099 455 placidum
1130 404 1335 444 traiectum
1352 404 1500 445 Hecale
1530 405 1689 446 habeat.

183 471 428 511 Obversatur
456 472 549 512 mihi
577 485 627 512 cx
656 475 862 528 tragoedia
884 474 1036 516 Chorus
1069 487 1289 527 apprecans
1319 475 1418 516 deos
1445 488 1518 529 pro
1541 489 1688 518 sereno

179 543 323 595 Oedipi
360 544 481 595 exitu,
513 548 631 597 utque
664 557 741 585 non
772 545 998 598 impeditum
1027 557 1048 585 a
1068 546 1242 586 Cerbero
1263 545 1500 586 descensum
1530 547 1687 588 habeat.

177 614 315 667 Neque
345 616 499 667 obstat,
531 618 636 668 quod
666 616 810 657 Hecale
841 622 919 657 tum
954 618 1029 657 iam
1059 622 1213 657 mortua
1233 648 1244 669 ‚
1281 618 1347 658 ubi
1378 619 1552 658 accessit
1579 619 1688 659 The-

177 697 282 726 seus.
340 686 456 727 Certe
486 688 578 728 illud
621 689 982 741 elegantissimum,
1011 700 1089 742 quo
1118 690 1276 743 lingitur
1307 690 1517 730 etiamnum
1551 691 1590 730 in
1621 691 1686 732 via

175 770 286 799 esse:
319 757 404 810 ἴθι,
435 765 583 814 πρηεῖα
613 762 842 814 γυναικών,
925 759 998 814 τήν
1029 759 1127 802 ὁδόν
1158 766 1233 803 ele.

287 831 368 871 Sed
401 835 560 885 propius
589 834 860 875 accedendum
898 839 959 875 est
990 835 1040 875 ad
1072 836 1224 888 Fragm.
1254 833 1426 875 CXXXI.
1481 834 1579 875 Nam
1607 834 1686 875 hoc

179 915 337 956 quoque
368 907 608 957 propositum
641 906 732 946 mihi
760 906 838 946 hoc
873 891 912 946 in
942 907 1043 947 libro
1076 907 1206 956 habui,
1234 911 1275 947 ut
1306 906 1428 947 verba
1454 906 1684 947 Callimachi

177 981 365 1017 accurate
394 977 648 1029 explicarem,
681 990 809 1030 coque
839 977 986 1030 aliquid
1020 978 1244 1018 conferrem
1276 978 1325 1018 ad
1356 979 1682 1031 cognoscendum

174 1061 399 1089 sermonem
429 1054 506 1090 tum
534 1062 723 1103 graecum
754 1051 793 1090 in
824 1051 1065 1101 universum,
1096 1055 1173 1091 tum
1194 1050 1364 1089 maxime
1383 1050 1683 1102 poetae-huius,

174 1125 214 1160 et
244 1121 408 1161 scholae
437 1122 563 1163 huius.
677 1122 721 1163 V.
756 1124 789 1163 1.
819 1127 972 1177 πρηεῖα
999 1123 1218 1176 γυναικῶν,
1249 1121 1346 1161 satis
1376 1124 1493 1160 notus
1523 1120 1682 1161 dicendi

171 1194 338 1244 modus,
369 1195 434 1245 qui
464 1195 580 1235 etiam
612 1199 754 1247 poetae
784 1194 874 1234 huic
910 1199 1049 1235 nostro
1098 1194 1270 1247 placuit:
1314 1193 1352 1233 h.
1387 1193 1498 1234 Dian.
1529 1193 1621 1233 255.
1653 1187 1681 1233 ἆ

174 1264 311 1312 δειλὸς
338 1268 565 1317 βασιλέων,
597 1263 694 1308 ὅσον
724 1262 872 1320 ἤλιτεν.
909 1268 959 1307 cf.
991 1268 1024 1308 si
1057 1267 1210 1320 placet,
1240 1266 1475 1306 Theocritus
1504 1265 1586 1305 XV.
1615 1265 1679 1305 74.

173 1337 313 1377 XXIV.
348 1339 415 1379 40.
471 1339 657 1379 Moschus
688 1339 850 1392 Megara
883 1353 920 1379 v.
953 1340 1018 1381 62.
1078 1340 1277 1380 Porsonus
1316 1338 1445 1391 Suppl.
1473 1337 1599 1378 Praef.
1630 1337 1681 1378 ad

171 1410 217 1449 E.
248 1409 293 1449 Η.
322 1422 359 1462 p.
389 1410 464 1450 LV.
525 1411 740 1451 Blomfield.
782 1411 831 1451 ad
875 1411 1024 1452 Callim.
1057 1411 1094 1452 h.
1128 1413 1240 1453 Dian.
1273 1410 1296 1451 l.
1328 1410 1351 1451 l.
1383 1415 1423 1450 et
1464 1415 1680 1451 monstrata

173 1482 223 1521 ab
257 1481 442 1523 Iacobsio
472 1483 591 1524 Anth.
623 1483 741 1522 Palat.
773 1483 814 1522 T.
839 1483 902 1523 111.
937 1496 973 1535 p.
1002 1484 1096 1524 889.
1125 1485 1295 1525 maxime
1321 1484 1524 1524 Schael'er.
1556 1482 1605 1522 ad
1635 1483 1676 1522 L.

171 1553 262 1595 Bos.
349 1555 569 1595 Proximum
600 1555 840 1596 Callimacho
878 1561 939 1596 est
968 1558 1038 1596 δῖα
1069 1559 1275 1610 γυναικῶν
1305 1557 1568 1596 Homericum.
1627 1555 1679 1595 At

169 1624 300 1666 πότνα
341 1628 549 1680 γυναικῶν
589 1628 720 1680 Anlip.
760 1629 841 1669 Sid.
872 1628 1010 1669 XXIII.
1057 1630 1126 1679 (Α.
1156 1629 1233 1669 Pal.
1264 1628 1294 1668 l.
1334 1641 1370 1681 p.
1405 1628 1517 1676 (280.)
1561 1630 1594 1667 1.
1637 1630 1679 1666 ut

173 1699 353 1740 certatim
385 1705 622 1740 monuerunt
653 1702 913 1753 Hermannus,
939 1702 1192 1752 Schaeserus,
1224 1701 1441 1750 lacobshrs,
1470 1700 1574 1740 aliud
1604 1704 1676 1741 est.

168 1775 344 1823 πρηεῖα,
377 1771 427 1811 de
460 1772 651 1813 feminino
684 1774 851 1826 loquor,
879 1786 958 1814 nou
990 1773 1149 1813 multum
1194 1773 1341 1826 legisse
1380 1773 1474 1813 mihi
1514 1771 1680 1812 videbar

169 1843 270 1894 apud
302 1842 401 1894 hos,
428 1846 494 1897 qui
525 1845 766 1885 Callimacho
796 1845 1059 1885 admovemur
1090 1845 1315 1897 aptissime:
1348 1843 1419 1884 sed
1459 1848 1548 1883 sunt
1587 1843 1679 1892 loci,

171 1920 356 1967 quantum
395 1917 522 1957 satis:
566 1918 605 1957 in
644 1918 886 1971 Anthologia
930 1917 1031 1970 apud
1079 1918 1367 1970 Crinagoram,
1411 1916 1676 1967 Phaedimum,

166 1989 461 2041 Dioscoridem,
489 1990 602 2030 alios.
661 1994 831 2045 πρηεῖαι
861 1991 1047 2030 mulieres
1076 1990 1325 2030 Manethonis
1340 1989 1402 2029 111.
1420 1989 1513 2029 381.
1565 1989 1675 2030 Non..

168 2070 243 2097 nus
270 2059 337 2100 Xl.
368 2059 433 2100 71.
490 2060 751 2113 Tryphiodor.
777 2061 870 2102 659.
902 2061 1004 2114 γυνὴ
1038 2065 1187 2115 πρηεῖα
1226 2058 1389 2111 Θεανώ,
1420 2061 1486 2101 ubi
1515 2061 1564 2101 de
1600 2061 1677 2102 ho-

171 2131 298 2184 spitali
327 2133 556 2183 Antenoris,
585 2135 832 2187 φιλοξείνοιο
852 2135 1056 2187 γέροντος,
1086 2139 1125 2173 et
1151 2134 1332 2173 Theanus
1363 2145 1497 2173 mensa
1531 2134 1674 2186 agitur.

171 2205 298 2244 Versu
329 2205 365 2244 2.
396 2204 499 2257 apud
529 2204 688 2245 Suidam
718 2207 975 2259 θυμαλγέες,
1005 2206 1105 2258 apud
1137 2205 1412 2258 Etymologum
1445 2203 1677 2258 θυμοφθό-

165 2290 231 2328 ροι
260 2275 415 2328 legitur.
482 2277 680 2318 Meletium
721 2278 904 2331 equidem
946 2283 985 2318 et
1027 2278 1217 2318 Orionem
1258 2289 1339 2317 non
1382 2277 1514 2330 magni
1554 2276 1675 2326 facio,

165 2341 230 2397 qui
260 2358 311 2386 ex
338 2346 614 2401 Etymologico
650 2350 736 2389 sive
765 2348 844 2389 hoc
870 2354 1009 2389 nostro
1040 2350 1125 2389 sive
1156 2350 1235 2390 alio
1267 2349 1381 2389 simili
1411 2349 1675 2402 descripsisse

162 2419 293 2458 locum
325 2419 554 2461 Callimachi
587 2420 784 2462 videntur.
842 2421 958 2462 Certe
986 2422 1046 2462 sic
1075 2422 1213 2462 Orion.
1271 2421 1416 2462 Verum
1446 2422 1562 2461 etiam
1590 2421 1674 2461 Me-

163 2489 259 2530 letio
291 2492 607 2532 communionem
650 2493 846 2544 quandam
891 2492 1056 2533 fontium
1102 2505 1189 2533 cum
1221 2493 1371 2533 Orione
1400 2497 1440 2533 et
1466 2493 1674 2545 Etymolo-

158 2563 264 2614 gico‚
294 2565 461 2603 maxime
492 2564 687 2615 Gudiano‚
719 2577 810 2605 esse
842 2565 1118 2606 Bachmannus
1152 2567 1296 2606 statuit.
1356 2566 1481 2613 Quam
1521 2566 1559 2604 in
1589 2577 1672 2605 rem

159 2634 251 2673 mihi
282 2636 411 2676 statim
444 2636 493 2675 ad
525 2648 681 2677 manum
711 2641 771 2677 est
797 2649 938 2677 versus
977 2638 1196 2677 communis
1224 2637 1382 2677 ltlelctio
1414 2651 1450 2690 p.
1487 2639 1574 2687 118,
1611 2639 1670 2678 11.

161 2718 245 2744 cum
264 2706 427 2756 Orione,
460 2709 629 2760 Orphei:
664 2709 818 2761 χειρῶν
845 2709 1084 2758 ὀλλυμένων
1104 2705 1220 2761 ἔφ’(ῗει
1245 2706 1471 2759 πολυεργὸς
1490 2704 1671 2759 Ἀθήνη.

161 2789 197 2815 ν.
228 2777 374 2828 Orphei
407 2780 558 2832 Fragm.
589 2793 624 2833 p.
658 2781 751 2820 510.
783 2780 846 2820 ed.
875 2781 1004 2819 llcrm.
1065 2779 1232 2819 Praetuli
1263 2779 1408 2819 Suidae
1435 2779 1670 2818 auctoritate

158 2848 415 2901 θυμαλγέες,
446 2855 487 2891 ut
515 2853 675 2894 suavius
717 2864 876 2894 sonans.
954 2852 1027 2901 Qui
1070 2851 1118 2892 ab
1155 2851 1261 2893 onmi
1305 2850 1465 2892 licentia
1505 2849 1670 2890 metrica
