1856 3126
774 136 1084 177 —243—

159 252 267 309 διήν.
326 252 399 296 ἐπὶ
426 256 550 297 πλέον
579 255 767 300 usitatum
797 256 860 297 his
888 258 1034 310 poetis,
1061 257 1213 308 Arato,
1243 253 1475 296 Manethoni
1504 254 1568 297 111.
1603 255 1695 297 169.

166 327 283 365 etiam
320 326 466 373 Quinto
498 326 563 366 IX.
597 325 660 366 16.
692 327 786 367 524.
826 332 865 367 et
906 339 995 367 eum
1027 327 1234 380 genitivo,
1274 328 1345 368 ἐπὶ
1382 329 1508 368 πλέον
1539 325 1701 377 λύσσας

165 401 206 437 et
235 398 323 438 sim.
381 384 582 438 Theocritj
615 398 643 438 1.
677 400 740 440 ρο.
771 399 835 440 111.
864 399 931 440 47.
977 399 1147 452 Oppian.
1179 399 1223 439 n.
1252 399 1314 439 tv.
1350 397 1442 438 147.

93 466 100 470 ’
276 469 386 509 Haec
414 469 671 521 scripseram,
703 483 822 523 quum
853 471 1009 511 delatus
1039 472 1079 510 in
1110 484 1221 511 meas
1244 482 1385 510 manus
1408 469 1553 510 Suidas
1576 468 1702 509 Gais-

165 540 286 580 sordii
316 553 363 580 ea
397 540 556 591 docuit,
583 553 657 593 per
687 555 790 595 qnae
823 554 1125 595 supervacanea
1155 547 1273 594 atque
1303 541 1476 592 inutilis,
1507 544 1619 580 certe
1650 539 1703 580 ad

165 612 271 652 hunc
303 612 533 653 Callimachi
563 612 716 664 locum,
746 614 876 654 videri
914 613 1035 654 dehet
1061 614 1126 653 illa
1171 608 1195 665 ἦ
1224 613 1446 666 particulae
1484 613 1703 665 inquisitio.

166 685 307 724 Codex
344 686 447 737 apud
483 686 753 726 Gaissordium
792 698 893 726 unus
936 685 978 726 C.
1024 685 1097 726 sed
1137 686 1230 725 fidei
1271 686 1434 725 minime
1472 689 1703 736 suspectae,

166 768 248 796 non
279 754 572 806 πανύστατον,
603 758 675 798 sed
707 755 915 810 πανύχιον
954 756 1102 807 habet,
1142 758 1250 797 unde
1289 756 1396 797 haud
1437 757 1557 797 dubie
1596 757 1706 798 scri-

165 827 367 868 bendum:

336 897 423 940 αἴθ’
451 893 598 955 ὄφελες
632 900 828 951 θανέειν,
860 895 885 953 ἢ
914 917 938 940 π
959 896 1136 953 άννυχ
1153 915 1206 940 ον
1239 898 1525 953 ὄρχήσασθαι.

166 983 261 1026 quo,
290 972 331 1011 ni
356 971 487 1022 fallor,
521 971 661 1011 melius
693 983 809 1023 quam
843 983 865 1010 e
893 972 1126 1011 coniectura
1157 972 1392 1011 Bentleiana
1415 971 1564 1024 vulgati
1588 972 1705 1024 origo

167 1045 268 1096 vitii,
299 1042 577 1095 πανύστατον,
610 1043 852 1094 declaratur,
883 1048 922 1083 et
951 1044 1066 1083 simul
1098 1044 1270 1095 tollitur,
1300 1056 1403 1097 quae
1437 1054 1554 1095 supra
1589 1042 1707 1083 nobis

167 1115 402 1157 excusanda
433 1115 504 1155 suit
534 1116 768 1169 tautologia.
836 1117 902 1157 Sic
936 1118 1040 1156 enim
1081 1122 1252 1157 noctuae
1297 1129 1377 1156 non
1417 1116 1478 1155 bis
1524 1119 1707 1166 mortem,

166 1190 239 1230 sed
280 1193 347 1228 aut
381 1193 546 1227 mortem
581 1193 648 1228 aut
677 1190 834 1240 longum·
864 1189 1088 1228 cruciatum
1126 1190 1367 1241 imprecatur
1398 1187 1561 1227 Hecale.
1623 1188 1710 1236 Qua

169 1262 208 1301 in
235 1272 280 1301 re
316 1261 514 1300 neminem
546 1261 625 1300 hoc
654 1260 756 1300 male
787 1261 974 1314 habebit,
1009 1262 1115 1314 quod
1149 1264 1224 1301 ista
1259 1272 1340 1300 nen
1369 1260 1594 1300 voluntaria
1625 1271 1709 1300 no-

168 1338 284 1374 ctuae
314 1333 485 1383 saltatio,
516 1337 595 1373 tum
624 1345 670 1373 re
698 1333 894 1373 suadente
926 1338 1004 1373 tum
1036 1334 1184 1375 Suidae
1215 1333 1470 1383 testimonio,
1501 1333 1631 1386 magis
1666 1334 1708 1373 in

168 1406 274 1446 diem
306 1418 422 1459 quam
453 1407 494 1445 in
526 1409 688 1446 noctem
718 1405 838 1445 cadit.
897 1405 1139 1446 Nocturnam
1179 1405 1433 1445 saltationem
1466 1405 1710 1457 imprecatur

167 1479 341 1529 Hecale,
385 1479 575 1531 quoniam
612 1483 760 1530 noctu,
803 1478 867 1518 vel
909 1480 981 1519 sub
1022 1483 1213 1530 noctem,
1258 1477 1473 1518 infaustum
1518 1478 1710 1531 gemitum

169 1551 354 1592 ediderat
388 1555 548 1591 noctua.
610 1549 850 1604 πάννυχον,
889 1552 949 1591 sic
987 1551 1273 1591 adverbialiter
1310 1551 1508 1602 positum,
1545 1549 1710 1603 dignum

168 1623 248 1664 hoc
277 1627 412 1677 poeta,
445 1624 536 1676 quia
570 1635 716 1664 rarum.
776 1624 894 1664 Certe
928 1623 1154 1676 Stephanus
1196 1624 1236 1663 in
1277 1622 1485 1662 Thesauro
1521 1634 1562 1662 v.
1604 1621 1711 1663 ποίν-

168 1710 300 1748 νυχον
328 1695 474 1736 nullum
507 1700 658 1736 certum
689 1698 913 1750 exemplum
944 1697 1095 1747 habet3
1127 1697 1167 1736 in
1197 1698 1374 1748 cognata
1394 1704 1499 1735 voce
1516 1691 1712 1746 ἐννύχιον

171 1765 249 1806 duo
280 1770 429 1806 tantum
459 1767 656 1820 exempla,
691 1781 810 1808 unum
840 1768 965 1809 Marci
983 1767 1284 1820 Evangelistae,
1317 1767 1483 1806 alterurn
1509 1766 1712 1807 Parrhasii

169 1840 336 1892 pictoris
366 1840 406 1880 in
438 1841 727 1893 epigrammate
768 1841 872 1893 apud
902 1841 1153 1881 Athenaeum
1184 1839 1267 1882 ΧΠ.
1300 1851 1336 1892 p.
1373 1837 1468 1879 544.
1497 1839 1544 1878 A.
1590 1837 1711 1879 Anth.

169 1914 249 1954 Pal.
281 1913 324 1953 ΙΙ.
353 1926 391 1966 p.
426 1914 522 1954 779.
552 1915 629 1954 nisi
659 1915 714 1954 ibi
745 1911 939 1966 ἐννύχιον
970 1915 1156 1963 nominis,
1189 1912 1296 1966 quod
1329 1914 1491 1961 vocant,
1519 1911 1712 1952 substan-

170 1987 241 2027 tivi
277 1987 369 2026 loco
400 1987 476 2037 sit,
515 1987 565 2026 ad
595 1987 755 2027 modum
800 1987 914 2026 vocis
945 1987 1188 2026 Homericae
1232 1982 1438 2024 ἐνύπνιον.
1499 1981 1712 2035 πάννυχον

171 2071 223 2099 ex
264 2059 398 2099 Paullo
443 2060 581 2101 Silent.
625 2060 695 2111 Ep.
727 2058 829 2099 Xlll.
875 2059 1019 2106 (Anth.
1052 2058 1128 2098 Pal.
1164 2057 1191 2096 Ι.
1232 2069 1269 2109 p.
1309 2057 1421 2105 179.)
1468 2055 1711 2097 Schaeferus

170 2133 466 2185 adscripserat:
497 2144 575 2185 ego
607 2129 801 2183 ἐννύχιον
835 2143 886 2170 ex
917 2131 1048 2171 Nonni
1078 2130 1233 2182 Evang.
1266 2128 1322 2168 Io.
1342 2127 1446 2168 XXI.
1467 2128 1506 2169 3.
1564 2128 1711 2168 Vitium

170 2205 394 2256 scripturae
441 2203 705 2243 πανύστατον
757 2203 863 2255 quod
911 2203 1095 2242 Zonarae
1141 2212 1353 2240 commune
1399 2212 1485 2240 cum
1538 2200 1712 2252 vulgatis

172 2277 321 2318 Suidae
364 2276 475 2316 libris
508 2277 580 2325 sit,
623 2287 706 2314 non
741 2276 932 2314 miramur
970 2279 1061 2327 post
1104 2274 1199 2314 illud
1233 2273 1327 2325 Cap.
1358 2272 1402 2311 V.
1436 2271 1487 2311 ad
1523 2271 1618 2311 Call.
1647 2271 1710 2311 Fr.

172 2348 452 2389 CCLXXXIX.
477 2348 747 2387 observatum.

283 2421 343 2460 De
376 2420 635 2472 inauspicatis
665 2419 805 2459 avibus
838 2418 1075 2458 nocturnis:
1107 2418 1348 2468 interpretes
1377 2414 1560 2468 Virgilii,
1591 2414 1711 2453 etiam

170 2491 212 2533 F.
243 2491 434 2542 Ursinus,
464 2490 514 2530 ad
545 2491 647 2530 Aen.
672 2489 734 2529 IV.
764 2487 859 2530 462.
892 2488 975 2529 Xll.
1000 2487 1096 2528 862.
1125 2499 1184 2539 sq.
1245 2487 1412 2528 Ovidius
1441 2487 1599 2527 Metam.
1626 2485 1710 2526 XV.

171 2563 266 2605 791.
309 2562 431 2603 Ibidis
462 2575 499 2602 v.
533 2563 625 2602 225.
671 2562 818 2602 Statius
850 2560 973 2601 Theb.
1005 2560 1068 2599 111.
1100 2561 1194 2599 511.
1252 2560 1424 2607 Quintus
1445 2559 1602 2611 Smyrn.
1624 2557 1708 2598 Xll.

171 2635 266 2677 513.
326 2635 386 2675 De
426 2634 588 2674 bubone
629 2635 802 2673 maxime
832 2634 980 2673 Plinius
1012 2632 1060 2672 X.
1097 2633 1159 2671 1⁶2.
1192 2636 1292 2672 extr.
1351 2631 1601 2683 Bulengerus
1645 2631 1709 2680 [in

172 2708 336 2749 Graevii
366 2706 483 2746 Thes.
528 2706 662 2757 Antiq.
706 2705 818 2745 Rom.
853 2705 941 2745 Vol.
973 2704 1043 2754 V.)
1105 2704 1164 2743 De
1193 2703 1384 2756 Auguriis
1430 2707 1469 2742 et
1507 2702 1709 2754 Auspiciis

171 2781 256 2821 Lib.
287 2780 334 2820 ll.
365 2779 433 2819 ubi
474 2778 525 2818 de
567 2778 728 2817 bubone
769 2778 862 2830 Cap.
896 2776 937 2817 6.
997 2776 1055 2816 Cf.
1098 2775 1304 2815 Iacobsius
1348 2776 1387 2815 in
1420 2775 1709 2829 Anthologiam

173 2852 394 2893 Comment.
422 2851 510 2892 Vol.
539 2850 585 2891 11.
620 2850 657 2891 P.
688 2850 750 2891 111.
786 2862 821 2902 p.
853 2846 918 2890 42.
960 2853 999 2889 ct
1042 2859 1142 2888 unus
1185 2847 1362 2900 alterque
1403 2859 1570 2900 eorum,
1607 2859 1708 2900 quos
