1820 3141
759 146 1033 184 ..M-

140 267 424 322 δημαγωγῶν,
464 265 636 317 ἐξῆλθεν
675 264 744 304 ε’πί
772 262 845 303 τὸν
874 261 1165 315 ΙΠαραθιόνιον
1195 266 1349 315 ταῦρον
1370 294 1382 315 ,
1425 260 1502 303 ov'x
1531 262 1651 316 ὀλίγα

138 338 364 391 πράγματα
397 338 482 382 τοῖς
510 334 667 373 οἰκοῦσι
696 333 771 388 την
807 332 1062 385 Τετράπολιν
1093 335 1353 386 παρέχοντα·
1396 335 1468 374 καί
1493 349 1649 387 χειρω-

139 407 318 460 σάμενος
356 406 595 455 ἐπεδείξατο
642 406 777 454 ζῶντα
825 403 894 445 διά
935 407 1012 445 τοῦ
1050 399 1196 452 ἄστεος
1236 403 1419 456 ἐλάσας,
1462 400 1551 446 εἶτα
1592 409 1650 462 τῷ

138 480 369 522 Ἀπόλλωνι
397 477 453 532 τῷ
484 476 696 532 Δελφινίῳ
735 480 971 518 κατέθυσεν.
1031 475 1054 530 ἦ
1098 478 1144 517 δὲ
1168 475 1348 530 (Εκάλη,
1379 475 1450 516 καί
1476 475 1522 516 τὸ
1555 479 1652 529 περὶ

139 546 272 603 αὐτην
312 545 587 601 μυθολόγημα
628 549 701 588 τοῦ
743 548 939 598 ξενισμοῦ
974 549 1148 600 καὶτῆς
1181 547 1415 600 ὑποδοχῆς,
1447 545 1551 587 {bins
1591 546 1649 600 μῆ

139 620 276 675 πάσης
306 621 499 672 α’μοιρεῖν
539 618 756 673 ἀληθείας.
815 617 941 659 ἔθυον
973 618 1054 671 γάρ
1079 618 1327 672 “Εκαλη’σιον
1360 617 1398 660 οἱ
1426 620 1546 670 πέριξ
1579 621 1653 672 δῆ-

137 707 207 744 μοι
236 689 441 738 συνιόντες
466 690 670 747 ζΕκαλείῳ
690 690 791 742 Διΐ,
824 690 896 730 καί
926 689 1002 743 την
1027 686 1207 743 Ἕκοίλην
1238 692 1404 742 ἐτίμων,
1432 687 1653 744 εΕκαλίνην

140 761 502 816 ὑποκοριζόμενοι,
533 759 604 803 (teci
637 761 683 802 τὸ
721 761 913 815 κάκείνην
941 763 1033 802 νέον
1074 755 1171 801 ὄντα
1213 763 1364 815 κομιδῇ
1399 760 1471 802 τὸν
1511 762 1654 814 Θησέα

140 833 381 884 ’ξενίζουσαν
404 828 680 874 ἀσπάσασθαι
702 835 1002 887 πρεσβυτικῶς,
1033 835 1104 873 καί
1132 836 1486 888 φιλοφρονεῖσθαι
1516 829 1655 874 τοιού-

140 920 226 952 τοις
255 905 566 958 ὑποκορισμοῖς.
625 903 718 945 ἐπεί
746 905 792 945 δὲ
821 901 976 958 ηἷῖξατο
1005 907 1082 956 μὲν
1109 903 1211 958 ὑπὲρ
1236 908 1370 946 αὐτοῦ
1398 906 1456 962 τῷ
1477 903 1555 946 Διῒ
1575 906 1655 955 βα-

143 978 330 1027 δίζοντος
359 978 431 1017 ὲπί
456 975 532 1029 τήν
561 975 728 1030 μάχην,
759 979 798 1019 εἰ
820 979 903 1026 σαῖς
937 978 1214 1029 παραγένοιτο
1232 1011 1242 1029 ,
1269 976 1437 1028 θύσειν,
1470 977 1656 1017 α’πέθανε

144 1049 191 1088 δὲ
217 1049 314 1099 πρίν
343 1045 498 1088 ἐκεῖνον
529 1048 787 1097 ἐπανελθεῖν,
819 1046 917 1101 ἔσχε
939 1047 1011 1095 τὰς
1043 1048 1261 1100 εἰρημένας
1284 1048 1465 1101 α’μοιβιὶς
1491 1050 1563 1103 τῆς
1582 1064 1658 1102 φι-

141 1122 348 1171 λοξενίας,
391 1122 466 1158 τοῦ
503 1120 675 1172 Θησέως
715 1119 1014 1172 κελεύσαντος,
1059 1118 1115 1166 αἷς
1160 1120 1387 1173 Φιλόχορος
1434 1117 1657 1173 ἱστόρηκεν.

142 1191 257 1231 Hunc
288 1191 418 1230 locum
449 1190 604 1242 quoties
634 1190 727 1243 legi,
759 1191 878 1230 toties
905 1191 1018 1242 quasi
1046 1191 1253 1243 quamdam
1281 1188 1486 1231 ὑπόθεσιν
1509 1191 1658 1231 carmi-

142 1264 205 1303 nis
237 1262 491 1303 Calliinachei
524 1262 662 1315 legere
690 1262 783 1301 mihi
814 1263 922 1302 visus
951 1274 1049 1302 sum.
1108 1263 1196 1303 Non
1227 1263 1357 1315 quod,
1391 1274 1493 1316 quae
1521 1262 1660 1314 Toupii

142 1334 338 1375 Emendd.
367 1335 406 1374 in
434 1333 541 1375 Suid.
562 1334 599 1373 Ρ.
618 1333 663 1373 tl.
694 1333 779 1374 Vol.
800 1334 829 1373 1.
860 1334 926 1374 ed.
943 1335 1072 1374 Oxou.
1091 1348 1128 1387 p.
1147 1334 1240 1375 359.
1259 1347 1318 1387 sq.
1349 1335 1410 1384 (T.
1430 1335 1458 1374 Ι.
1476 1334 1538 1374 ed.
1557 1334 1659 1386 Lips.

144 1419 182 1459 p.
206 1406 298 1447 237.
323 1412 407 1460 sq.)
442 1407 596 1447 videtur
626 1406 823 1445 sententia
857 1418 972 1460 esse,
1018 1419 1040 1446 c
1080 1407 1320 1447 Callimacho
1362 1407 1465 1446 haec
1507 1406 1662 1446 referre

144 1479 393 1519 Plutarchum
439 1480 684 1519 existimem:
745 1478 894 1518 diserte
952 1490 996 1518 se
1051 1478 1328 1519 Philochorum
1374 1479 1488 1530 sequi
1538 1478 1659 1518 addit.

145 1551 388 1604 Quamquam
417 1552 496 1591 hoc
529 1551 692 1604 largior,
723 1555 884 1602 praesto
915 1550 1037 1590 fuisse
1065 1551 1270 1590 Plutarcho
1297 1551 1437 1590 librum
1469 1550 1660 1590 Callima-

147 1623 237 1664 chi:
271 1628 311 1664 et
340 1624 513 1664 sortasse
547 1628 926 1664 commemoraturus
955 1627 1041 1663 erat
1061 1623 1356 1673 Callimachum,
1385 1623 1419 1662 si
1446 1622 1538 1674 quid
1558 1622 1661 1675 apud

145 1709 235 1737 eum
273 1709 295 1737 a
333 1696 558 1736 Philochori
599 1697 832 1736 narratione
875 1696 1075 1737 diversum
1113 1698 1305 1736 novisset.
1372 1695 1452 1736 Sed
1498 1696 1660 1736 omnino

146 1780 316 1822 magnus
357 1768 514 1809 videtur
559 1769 664 1809 inter
709 1768 989 1809 Callimachum
1041 1773 1080 1809 et
1122 1769 1399 1809 Philochorum
1439 1780 1662 1809 consensus

148 1842 287 1881 fuisse.
347 1841 462 1888 Quod
492 1841 686 1893 primum,
726 1841 993 1881 conveniebat
1026 1841 1262 1881 Philochoro
1300 1854 1388 1881 cum
1420 1840 1659 1880 Callimacho

148 1914 188 1953 in
220 1925 266 1953 re
296 1913 531 1965 praecipua:
567 1913 668 1966 apud
696 1918 903 1965 utrumque
937 1912 1153 1965 descriptio
1185 1913 1462 1966 hospitalitatis
1492 1914 1662 1954 Ilecales

148 1996 254 2024 nexa
281 1988 397 2037 atque
425 1986 638 2026 coniuncta
668 1989 754 2025 erat
786 1997 875 2024 cum
902 1983 1154 2036 profectione
1186 1985 1237 2025 ad
1269 1985 1544 2025 debellandum
1573 1989 1663 2025 tau-

147 2068 235 2097 rum
268 2057 557 2097 Marathonium
587 2057 742 2097 Thesei.
802 2057 894 2096 Tum
924 2057 1134 2109 quacalia
1166 2069 1216 2097 ex
1245 2058 1481 2098 Philochoro
1510 2057 1663 2097 Plutar-

150 2130 249 2170 chus
280 2129 422 2181 tradit,
443 2141 490 2169 .e.
519 2141 558 2182 g.
593 2130 643 2169 de
676 2129 781 2169 cultu
813 2129 916 2168 Iovis
943 2126 1176 2180 Ἑκαλειόυ,
1218 2130 1412 2169 eiusmodi
1443 2134 1558 2179 sunt,
1596 2130 1664 2169 vix

152 2205 195 2241 ut
223 2213 273 2241 ea
306 2202 496 2254 ignorare
527 2205 670 2253 poeta,
713 2204 752 2240 et
783 2202 817 2240 si
850 2211 929 2239 non
969 2201 1237 2252 ignoraverit,
1277 2203 1343 2241 vix
1372 2206 1414 2242 ut
1444 2202 1664 2254 praeterire

151 2273 334 2325 potuerit.
395 2273 480 2321 Qua
511 2274 550 2312 in
579 2285 621 2312 rc
656 2272 822 2324 perinde
853 2276 925 2322 est,
955 2277 1079 2312 utrum
1111 2272 1254 2312 lectum
1282 2277 1425 2325 poetae
1447 2273 1663 2313 Philocho-

153 2358 253 2397 rum‚
283 2358 334 2386 an
364 2358 444 2386 non
472 2347 613 2386 lectum
648 2346 894 2385 arbitremur.
953 2345 1106 2397 Legere
1137 2345 1201 2385 illc
1231 2346 1355 2398 potuit
1376 2345 1664 2396 Philochorum‚

153 2419 187 2458 si
216 2431 352 2458 verum
386 2423 468 2467 est,
511 2419 615 2471 quod
650 2418 733 2457 sere
768 2419 962 2469 persuasit
996 2418 1089 2456 mihi
1129 2418 1326 2465 Lenzius,
1364 2419 1440 2457 iam
1479 2418 1662 2458 floruisse

155 2490 308 2542 Olymp.
340 2491 506 2530 CXVlll.
537 2490 828 2530 Philochorum‚
885 2490 953 2531 Sin
985 2490 1124 2540 minus,
1153 2494 1385 2541 praeterea,
1417 2502 1517 2541 quae
1546 2490 1664 2530 habi-

155 2567 240 2603 tans
275 2563 312 2601 in
353 2563 451 2602 locis
485 2563 569 2602 istis
604 2562 860 2602 Philochorus
889 2561 1102 2613 peculiaria
1134 2561 1319 2601 habuisse
1360 2567 1517 2614 potest:
1561 2575 1663 2615 quae

155 2639 284 2674 tamen
314 2636 442 2686 qualia
479 2635 645 2683 suerint,
676 2647 779 2674 nunc
813 2634 996 2685 dignosci
1025 2635 1184 2686 nequit:
1226 2646 1277 2673 ex
1318 2634 1458 2674 iisdem
1491 2634 1663 2674 sontibus

155 2707 338 2746 hausisse
385 2705 671 2757 Callimachus,
711 2719 762 2747 ex
805 2706 944 2758 quibus
981 2706 1111 2745 hausit
1149 2706 1432 2755 Philochorus,
1469 2706 1663 2758 putandus

155 2780 242 2819 erit.
304 2778 454 2826 Quibus
485 2783 614 2818 autem
648 2791 699 2818 ex
730 2779 914 2827 fontibus,
943 2791 992 2818 an
1024 2779 1124 2818 sorte
1160 2791 1209 2817 ex
1239 2782 1354 2829 pocta
1385 2782 1554 2828 vetusto,
1587 2791 1663 2819 an-

158 2852 377 2903 tiquitatum
410 2850 627 2891 Atticarum
669 2850 731 2890 vel
761 2862 890 2891 rerum
919 2850 1062 2890 Thesei
1093 2854 1284 2899 auctore,
1312 2850 1399 2903 quis
1431 2849 1566 2909 dicat?
1621 2851 1687 2893 St
