1856 3126
802 135 1104 172 ——116—

183 253 330 303 video,
364 257 403 292 ut
435 264 547 292 suum
577 251 756 292 membro
790 252 860 303 illi,
890 253 995 304 quod
1027 265 1048 293 a
1082 254 1157 294 καί
1183 250 1239 308 ῥα
1272 253 1435 308 pendet,
1467 254 1631 295 verbum
1652 255 1715 295 sit.

185 325 233 364 Ut
264 325 326 364 his
360 326 567 377 exemplis,
597 325 801 376 Apollonii
832 325 877 364 ll.
911 324 1120 365 640517.
1151 325 1213 366 1v.
1244 326 1337 368 918.
1398 326 1546 380 Orphei
1580 328 1720 380 Argo—

186 400 346 446 nautae,
381 397 446 447 qui
479 398 518 436 in
551 397 664 437 brevi
698 399 875 437 carmine
907 397 981 437 hac
1011 398 1291 450 particularum
1325 400 1611 439 coniunctione
1637 399 1720 438 uti-

188 472 251 508 tur
279 469 537 520 saepissime,
571 469 661 510 105.
679 468 774 510 444.
801 470 896 510 448.
917 470 1011 513 513.
1037 471 1154 511 1288.
1188 475 1227 511 et
1254 472 1330 511 καί
1354 471 1410 526 ῥά
1438 486 1482 512 τε
1515 471 1714 510 Theocrit.

184 539 306 579 XXV.
333 540 423 580 191.
485 541 558 589 Qui
589 542 648 581 sie
682 542 916 595 simpliciter
948 541 996 581 ad
1029 543 1309 596 coniungenda
1340 545 1502 584 nomina
1533 543 1612 583 duo
1643 543 1720 583 καί

184 610 239 665 ῥα
272 612 432 663 dixerit,
462 617 504 652 ut
537 617 599 652 est
628 618 754 666 χαῖον
778 612 959 667 ἔχουσα,
989 616 1064 654 καί
1089 613 1144 668 ῥα
1177 640 1230 647 -
1261 608 1404 668 ὄλπιν,
1436 629 1552 656 unum
1582 615 1715 656 habeo

184 684 466 724 Manethonem
500 685 545 725 V.
568 682 661 725 244.
719 686 848 734 Nune,
885 685 973 726 dum
1011 688 1224 727 coniuncta
1257 687 1350 740 lego
1383 700 1430 728 ae
1457 688 1596 742 relego
1613 689 1714 728 Fra-

183 761 345 807 gmenta
381 757 533 796 CXXV.
567 762 605 797 et
638 757 844 798 CLXXXI.
881 770 960 798 non
1010 759 1191 811 displicet
1231 760 1290 799 sie
1330 761 1500 811 positum
1541 759 1614 799 καί
1640 755 1711 813 ῥα,

181 840 313 880 neque
346 841 417 868 sua
450 829 618 882 quadam
654 830 691 869 vi
729 842 868 869 carere
899 830 1069 871 videtur.
1136 832 1232 872 Nam
1268 832 1344 871 vim
1377 833 1545 883 aliquam
1576 834 1713 872 inesse

180 912 353 940 necesse
384 906 471 941 est:
504 913 576 954 pro
612 901 781 954 simplici
817 901 893 942 καί
916 914 937 942 a
968 903 1077 943 hono
1112 903 1308 956 scriptore
1337 906 1415 944 καί
1438 901 1493 959 ῥα
1524 904 1602 944 dici
1633 916 1712 943 ne-

181 974 274 1024 quit.
335 973 465 1013 Posita
501 978 631 1013 autem
665 975 725 1013 vris
768 979 830 1015 est
871 975 908 1014 in
942 987 1020 1025 eo,
1053 975 1157 1026 quod
1189 976 1395 1027 ampullam
1436 977 1586 1016 sinistri
1613 976 1711 1016 bra-

182 1044 262 1084 chii
289 1049 408 1097 poeta
441 1049 640 1096 tamquam
674 1057 758 1084 rem
790 1057 959 1096 novam,
991 1051 1028 1085 et
1061 1046 1111 1085 de
1146 1059 1222 1098 qua
1254 1048 1338 1098 ipse
1378 1058 1459 1086 non
1490 1049 1711 1100 cogitasset

179 1121 326 1167 antea,
371 1117 493 1156 insert
530 1120 649 1168 atque
691 1117 845 1156 inserit.
917 1117 1103 1157 Advertit
1141 1119 1313 1158 animum
1354 1119 1594 1172 singularis,
1635 1119 1708 1159 sed

178 1189 340 1229 fortuita
364 1189 449 1239 illa,
473 1189 668 1239 Hecales,
700 1190 855 1241 qualem
887 1190 1105 1231 introduxit
1136 1190 1425 1242 Callimachus,
1458 1204 1546 1231 cum
1575 1191 1709 1231 habitu

175 1261 416 1313 Cynicorum
463 1262 704 1312 similitudo,
740 1274 854 1314 quem
887 1263 1128 1316 descriptum
1163 1262 1289 1302 habes
1333 1263 1371 1302 in
1414 1264 1708 1316 epigrammatis

174 1332 381 1372 Leonidae
410 1333 568 1373 Tarent.
589 1333 637 1372 X.
668 1334 733 1373 Xl.
767 1335 863 1375 LIX.
897 1339 935 1374 et
965 1335 1141 1375 Archiae
1162 1335 1339 1375 XXXlV.
1373 1334 1513 1381 (Anth.
1535 1334 1653 1374 Palat.
1676 1334 1706 1374 1.

177 1416 214 1456 p.
252 1405 344 1445 989.
383 1406 476 1445 984.
510 1405 604 1445 395.
636 1405 752 1454 3⁶26.)
794 1404 992 1459 omjncom
1025 1408 1111 1448 sive
1148 1408 1351 1459 βάκτρον,
1397 1401 1545 1460 ὄλπην,
1575 1410 1705 1447 πῖλον.

172 1477 228 1515 lta
260 1477 363 1515 enim
398 1479 521 1516 πῖλον
553 1482 759 1517 enumerat
787 1479 891 1518 inter
918 1480 1071 1531 reliqua
1106 1479 1328 1530 Leonidas,
1361 1483 1402 1517 ut
1441 1478 1520 1518 hoc
1548 1490 1707 1531 quoque

172 1560 254 1588 non
286 1549 512 1588 inusitatum
544 1548 704 1601 Cynicis
734 1550 893 1602 insigne
922 1551 1046 1591 fuisse
1080 1552 1205 1591 dicaS.
1266 1551 1318 1590 At
1347 1550 1422 1590 alia
1452 1552 1554 1590 ratio
1583 1550 1706 1590 πίλου

172 1625 234 1660 est
267 1621 380 1667 eius,
426 1632 541 1671 quem
573 1622 766 1674 singulari
805 1624 854 1663 de
899 1636 1042 1664 caussa
1075 1627 1206 1677 gestat
1237 1622 1443 1674 Menippus
1472 1622 1636 1662 Lueiani
1665 1623 1705 1662 in

172 1693 460 1744 Necyomantia
492 1704 578 1744 cap.
613 1694 646 1737 1.
682 1699 719 1734 et
750 1696 788 1735 S.
849 1696 1001 1738 Rursus
1040 1697 1207 1736 sormam
1250 1694 1355 1747 quod
1395 1694 1559 1744 attinet,
1597 1696 1704 1748 pileo

174 1762 348 1803 Hecales
377 1763 517 1803 similis
549 1770 636 1804 crat
665 1766 850 1819 Menippi,
881 1772 922 1807 ut
954 1768 1122 1816 Suidas,
1155 1767 1217 1806 vel
1248 1767 1499 1817 Menedemi,
1529 1772 1571 1807 ut
1602 1768 1705 1808 Dio-

170 1847 300 1887 genes
330 1835 512 1876 Laertius
541 1837 681 1888 tradit,
711 1839 866 1878 Furiam
901 1840 1260 1891 repiacscntantis,
1287 1844 1406 1888 πῖλος
1436 1841 1704 1893 Ἀρκαὸικόςε

175 1907 224 1946 de
257 1920 335 1959 quo
368 1909 624 1962 Boettigerus
664 1911 703 1950 in
732 1911 834 1950 libro
869 1913 931 1951 cui
967 1912 1115 1950 titulum
1148 1911 1269 1957 fecit,
1309 1911 1372 1950 die
1405 1912 1704 1963 Fui-lenmaske,

174 1991 210 2030 p.
244 1979 310 2018 33.
343 1992 402 2031 sq.
438 1985 477 2020 et
508 1993 545 2032 p.
581 1982 672 2021 123.
782 1982 1061 2034 Fragmentum
1095 1981 1300 2021 CLXXXI.
1342 1986 1502 2033 praeter
1535 1982 1703 2034 Etymo..

174 2051 310 2102 logum
344 2050 463 2090 habet
496 2052 590 2091 LeX.
624 2052 722 2105 Reg.
755 2053 830 2092 Ms.
866 2053 1034 2093 Albertii
1066 2052 1240 2104 Hesych.
1275 2066 1312 2092 v.
1333 2046 1480 2093 Ὄλπα.
1514 2058 1553 2093 et
1582 2055 1703 2095 habet

177 2123 357 2162 Zonaras
401 2123 612 2162 Tittinanni
653 2136 689 2175 p.
742 2122 857 2163 1444.
905 2126 958 2164 ita
1003 2125 1213 2176 seriptum:
1259 2125 1564 2176 Καλλίμαχος·
1607 2127 1705 2177 περὶ

172 2199 336 2233 σκαιοῖο
366 2193 592 2247 βραχίονος
624 2193 802 2245 &aalma
836 2190 971 2235 ὄλπιν.
1032 2196 1137 2236 Add.
1183 2196 1416 2236 Favorinus.
1474 2194 1580 2235 Inter
1606 2196 1703 2235 Ele-

173 2266 291 2317 giaca
324 2265 555 2305 Callimachi
586 2265 679 2305 illud
709 2267 885 2317 reposuit
917 2266 1231 2317 ValckenariuS,
1258 2279 1295 2318 p.
1325 2264 1418 2306 294.

283 2409 439 2448 Addam
472 2410 639 2449 incerta.

437 2479 582 2532 γρήίὀν
609 2476 719 2527 εἶδος
749 2478 920 2532 ἔχουσα.

175 2549 489 2590 Choeroboscus
520 2550 619 2602 περῐ
647 2549 872 2604 ποσότητος
904 2552 1001 2591 Cod,
1031 2551 1199 2591 Bai-occ.
1232 2551 1300 2591 50.
1331 2552 1356 2590 s.
1385 2551 1473 2591 177.
1505 2553 1542 2592 in
1563 2553 1701 2592 Museo

175 2621 368 2673 philolog.
398 2622 630 2674 Cantahrig.
661 2623 707 2665 N.
727 2622 787 2661 lv,
820 2622 1011 2662 Novemb.
1043 2623 1160 2662 1832.
1189 2635 1225 2674 p.
1252 2624 1340 2662 113.
1371 2648 1425 2655 --
1455 2617 1700 2674 οἷοιιγραῦς.

169 2689 318 2743 γράϊος
349 2694 418 2731 καί
445 2691 588 2745 γρήϊος
617 2692 730 2745 παρὰ
766 2692 1056 2747 Καλλιμάχῳ·
1087 2691 1230 2746 γρήϊον
1259 2691 1368 2741 εἶδος
1396 2692 1568 2745 ἔχουσα,
1591 2694 1703 2733 τοῦτ’

172 2763 285 2802 ἐστίν
314 2764 455 2814 γραός.
488 2764 553 2802 ubi
587 2766 648 2804 vir
678 2765 819 2804 doctus
840 2770 975 2804 monet
1005 2766 1109 2804 idem
1140 2765 1401 2818 fragmentum
1424 2766 1511 2804 sine
1540 2766 1701 2804 nomine

170 2837 316 2885 poetae
346 2833 385 2872 in
417 2834 700 2888 Etymologico
739 2837 789 2876 M.
819 2838 900 2888 legi
941 2850 976 2888 p.
1011 2836 1106 2887 603,
1137 2838 1201 2877 23.
1260 2836 1363 2876 Add.
1393 2836 1561 2888 Etymol.
1601 2837 1701 2878 Gud.
