1820 3141
717 127 992 163 ...19-

90 236 405 289 opportunitate,
438 236 530 287 quid
559 238 610 277 sit
640 239 748 289 quod
777 241 879 281 idem
913 243 1057 283 Suidas
1082 243 1121 283 in
1151 255 1188 283 v.
1223 244 1525 297 Καλλᾲιαχος,
1553 246 1620 286 ubi

93 310 241 361 scripta
271 312 460 348 recenset
485 308 729 360 Callimachi,
751 313 895 351 nullum
917 313 1097 354 Hecatae
1129 317 1259 356 locum
1292 316 1472 367 (lederit3
1503 318 1623 370 idque

92 381 234 420 eodem
268 381 354 419 iure
384 382 641 432 quaesiverit,
672 383 735 421 vel
758 385 876 422 etiam
906 386 1062 437 maiori,
1092 398 1207 438 quam
1241 400 1319 440 quo
1341 388 1385 428 B.
1406 388 1621 430 Vulcanius

94 453 135 491 in
167 451 411 492 Callimacho
453 464 527 492 suo
562 465 599 504 p.
635 453 728 496 966.
773 455 982 507 neglectos
1024 457 1074 496 ab
1119 459 1263 499 eodem
1293 460 1414 501 Suida
1443 460 1622 512 Hymnos

91 526 132 562 et
155 522 315 562 lambos
345 525 526 564 miratur.
581 525 634 565 At
667 526 849 578 profecto
882 528 921 566 in
953 528 1075 568 Suida
1102 541 1233 581 neque
1267 530 1345 570 hoc
1375 532 1515 573 mirum
1545 545 1622 573 ne-

92 605 169 646 que
198 595 305 634 illud.

202 664 524 717 Etymologicum
557 666 780 706 Gudianum
813 668 867 708 ita
896 668 1099 709 breviter:
1126 668 1297 725 Ἑκάλη,
1326 671 1351 725 ἦ
1381 671 1486 725 πρὸς
1514 670 1619 714 ἑαυ-

91 733 168 786 trjv
198 738 411 776 καλοῦσα·
452 734 539 789 ἔχει
580 735 660 790 γάρ
692 738 833 790 στέγος
866 739 1105 793 α’κλήϊστον.
1220 742 1400 796 Eclogae
1443 741 1619 786 Criuneri

90 807 245 846 Anecd.
278 807 344 847 Gr.
375 807 420 847 ll.
450 820 487 859 p.
520 806 615 858 436,
652 810 714 848 10.
749 807 936 866 (Εκάληε
976 810 1033 852 ‘H
1070 812 1176 866 πρὸς
1215 809 1370 867 ἑαυτὴν
1405 817 1619 856 καλοῦσα·

89 876 189 931 ἔσχε
218 876 299 931 γὰρ
331 880 446 931 τέγος
478 879 710 932 (ἰκλήϊστον.
1362 926 1363 929 ¹

198 950 279 990 Iam
322 951 371 990 ad
403 951 555 1003 reliqua
589 953 813 993 testimonia
843 953 1028 1007 pergenti
1073 968 1162 996 eum
1200 957 1320 997 laude
1367 969 1616 997 commemo-

87 1023 238 1061 randus
270 1027 332 1062 est
361 1024 541 1076 Angelus
571 1024 807 1076 Politianus,
836 1027 902 1077 qui
936 1026 986 1066 de
1014 1027 1163 1067 Hecale
1194 1033 1234 1068 et
1264 1029 1475 1082 eleganter
1504 1031 1614 1070 scri—

84 1094 188 1145 psit,
225 1099 264 1134 et
297 1094 439 1145 docte,
477 1096 648 1134 maxime
678 1107 750 1148 pro
791 1096 947 1136 illorum
978 1102 1198 1151 temporum
1232 1101 1415 1152 ratione,
1455 1101 1495 1141 in
1539 1102 1618 1141 Mi-

85 1165 378 1206 scellaneorum
403 1166 520 1216 libro,
552 1179 638 1218 cap.
660 1167 797 1207 XXIV.
834 1169 913 1208 Sed
945 1170 1080 1221 quidni
1110 1170 1228 1210 docte
1260 1171 1388 1211 dicam
1418 1173 1506 1212 sine
1536 1184 1615 1212 ex-

86 1237 298 1289 ceptione,
343 1248 461 1288 quum
514 1238 580 1277 ille
630 1239 679 1277 de
721 1239 869 1279 llccale
916 1241 1145 1281 Callimachi
1196 1255 1314 1283 unum
1364 1243 1614 1295 praeclarum

86 1310 354 1348 testimonium
387 1311 535 1361 primus
566 1309 787 1360 protulerit,
818 1310 926 1361 quod
962 1322 1041 1362 ego
1070 1323 1201 1363 neque
1235 1313 1283 1351 ab
1317 1313 1390 1362 iis,
1426 1314 1491 1364 qui
1523 1319 1613 1365 post

84 1380 319 1420 Politianum
357 1380 666 1420 elaboraverunt
709 1381 747 1419 in
791 1379 871 1419 hoc
908 1386 1175 1433 argumento,
1219 1383 1439 1423 adhibitum
1480 1384 1614 1435 video,

81 1464 212 1505 neque
250 1453 336 1504 ipse
367 1452 474 1492 unde
508 1452 667 1504 petitum
705 1453 767 1503 sit,
796 1463 924 1503 usque
953 1453 1004 1492 ad
1032 1453 1137 1493 hunc
1168 1454 1272 1493 diem
1297 1455 1468 1506 repperi.
1528 1455 1612 1494 lta-

82 1537 159 1578 que
188 1525 393 1565 audiamus
427 1524 684 1564 Politianum:
725 1524 908 1565 Ceterum
946 1526 994 1564 de
1027 1538 1077 1565 ea
1117 1526 1266 1565 iustum
1304 1539 1453 1577 poema
1483 1527 1610 1567 Calli-

79 1597 246 1636 machus
282 1597 399 1649 sece't,
433 1597 611 1636 Hecalen
643 1598 823 1637 nomine.-
860 1598 980 1637 sicuti
1007 1598 1137 1637 immit
1165 1597 1256 1637 item
1294 1599 1522 1638 versiculus
1556 1612 1609 1638 ea>

77 1669 284 1708 notissimo
319 1669 602 1719 epiyrcmmnate
616 1684 628 1708 .·

241 1741 386 1791 μέλπω
416 1741 462 1780 δὲ
495 1738 625 1792 γραός
657 1742 730 1792 τῆς
763 1740 980 1792 φιλοξένου
1012 1736 1202 1790 τρόπους.

77 1812 142 1852 Sic
172 1812 289 1850 etiam
322 1811 444 1850 editio
481 1812 667 1862 princeps
708 1810 881 1850 Florent.
923 1810 1039 1849 1489.
1081 1821 1153 1861 per
1191 1810 1406 1850 Antonium
1446 1811 1601 1852 Misco-

75 1886 235 1925 minum.
296 1884 411 1932 Quod
432 1884 677 1923 notissimum
702 1882 810 1932 dicit,
838 1883 932 1921 mihi
964 1887 1025 1921 est
1053 1882 1359 1934 ignotissimum.
1419 1883 1603 1924 Aliorum

74 1958 250 1997 fortasse
277 1955 497 2007 promptior
533 1954 725 1993 memoria
763 1953 850 1992 erit.
968 1952 1121 1992 Laudat
1156 1951 1288 1992 locum
1318 1953 1599 2007 Dalecampius

74 2028 125 2067 ad
154 2027 250 2067 Plin.
279 2026 326 2066 H.
355 2027 401 2067 N.
431 2025 552 2066 XXII.
584 2026 648 2065 92.
677 2025 751 2065 sed
781 2037 832 2064 ex
859 2024 1068 2064 PolitianO.
1126 2023 1176 2063 Et
1205 2035 1257 2063 ex
1277 2025 1471 2066 Politiano
1491 2026 1598 2067 haud

73 2099 191 2139 dubie
217 2099 246 2139 Ι.
273 2098 390 2150 Casp.
423 2098 631 2138 Gevartius
661 2099 701 2137 in
729 2096 918 2149 Epistolis
949 2096 1247 2136 celeberrimor.
1279 2098 1401 2137 viror.
1430 2099 1479 2137 ab
1499 2098 1597 2137 Iano

69 2171 232 2211 Brantio
248 2170 364 2210 editis
386 2182 421 2221 p.
440 2169 502 2209 16.
524 2170 575 2208 ita
593 2183 602 2208 :
633 2168 765 2207 [team
785 2173 916 2207 sudem
935 2173 1091 2207 veteres
1105 2168 1365 2208 Grammatici
1379 2168 1484 2207 hunc
1497 2167 1597 2208 Cal-

69 2241 229 2283 limachi
242 2253 428 2281 versum:
446 2242 612 2281 ,Μέλπω
634 2241 678 2279 δὲ
694 2244 770 2279 etc.
800 2239 967 2279 Veteres
985 2240 1289 2290 Grammaticos,
1306 2245 1344 2280 et
1361 2239 1592 2280 Callimachi

68 2326 226 2354 versum
259 2325 381 2363 esse,
415 2312 465 2352 de
501 2323 573 2351 suo
605 2311 758 2350 addidit
787 2311 1358 2363 Gevariius:coniecturam
1393 2313 1427 2352 si
1457 2317 1591 2352 tamen

67 2385 170 2424 haee
201 2385 432 2423 coniectura
477 2387 562 2432 est,
602 2394 684 2421 non
727 2393 844 2422 error
885 2382 1117 2434 simpliciter
1145 2396 1196 2423 ex
1231 2384 1338 2429 ,male
1381 2384 1586 2423 intellecto

66 2456 283 2506 Politian0‚
314 2467 386 2507 per
413 2467 457 2494 se
492 2455 598 2494 haud
628 2456 811 2506 ineptam.
877 2456 1055 2507 Apparet
1084 2456 1312 2507 loquentem
1342 2456 1475 2495 induci
1507 2456 1587 2495 hoe

67 2540 187 2567 versu
219 2526 523 2576 Callimachum,
564 2526 673 2576 sive,
706 2526 811 2576 quod
842 2538 971 2577 paene
1002 2527 1155 2577 malim,
1183 2527 1323 2566 librum
1356 2527 1587 2568 Callimachi

64 2599 252 2640 Hecalen.
312 2603 354 2638 ut
393 2602 455 2637 est
484 2597 615 2636 αἐίὸἐι
656 2594 865 2649 sc.‹}'710;‚
908 2599 946 2637 in
990 2599 1276 2650 epigrammate
1316 2596 1587 2650 Crinagorae;

68 2669 215 2708 Callim.
243 2669 379 2721 Epigr.
401 2667 464 2707 VI.
505 2669 591 2706 Τοῦ
621 2670 786 2717 Σαμίου
817 2666 936 2714 πόνος
964 2668 1063 2717 εἰμι’,
1095 2692 1148 2697 —
1170 2670 1299 2707 κλαίω
1330 2665 1590 2723 δἘἷῖρυτον,

68 2736 156 2780 ὁ’σσ’
186 2738 372 2789 ἔπαθεν,
401 2744 477 2778 ete.
512 2743 551 2778 et
581 2738 721 2778 similia
751 2738 884 2777 multa.
946 2738 1032 2788 An,
1065 2742 1106 2777 ut
1134 2738 1230 2777 nihil
1260 2739 1493 2781 intentatum
1522 2728 1593 2783 re.-

65 2811 238 2865 liquam,
275 2811 516 2852 recentioris
557 2809 762 2850 cuiusdam
806 2810 880 2849 viri
924 2809 1032 2854 docti
1077 2811 1320 2863 epigramma
1369 2812 1476 2855 suit?
1543 2817 1593 2858 Ut
