1856 3126
773 118 1047 158 -35-

151 237 302 285 partem
334 233 473 273 horum
513 232 693 272 intexere
735 233 993 287 descriptioni
1032 236 1196 288 primum
1238 235 1472 288 prodeuntis
1513 235 1666 276 Thesei.

147 306 465 357 Descriptionem
496 305 535 344 in
568 305 716 345 Hecale
758 307 881 346 fuisse
920 307 1169 358 huiusmodi,
1198 321 1272 361 qua
1306 313 1437 359 totus,
1479 309 1591 361 quasi
1623 310 1663 348 in

145 376 299 426 tabula,
332 377 535 428 Theseus,
566 377 606 417 id
640 383 725 427 est,
767 379 950 419 iuvenilis
983 381 1133 432 forma,
1163 382 1354 432 vestitus,
1395 393 1529 432 arma,
1561 393 1661 434 pro-

145 449 302 489 deuntis
335 454 473 489 contra
504 455 654 491 taurum
687 452 972 492 Marathonium
1003 452 1168 502 Thesei,
1215 458 1483 505 exponeretur
1516 454 1660 503 legen-

142 523 271 572 tibus,
312 521 376 562 vel
417 534 534 584 unum
565 524 777 575 persuadet
809 525 1085 577 Fragmentum
1115 524 1198 564 LIX
1229 527 1266 564 ·²²·.
1327 525 1469 565 Thesei
1505 527 1663 567 deseri-

141 595 267 647 ptioni
296 598 386 646 apte
414 595 685 647 respondebat
718 596 908 648 deinceps
940 608 1020 635 non
1062 597 1189 635 minus
1228 596 1439 649 diligenter
1470 612 1661 651 expressa

141 667 275 719 imago
307 665 489 706 Hecales.
547 665 703 719 Fragm.
731 667 817 706 LIX
851 668 887 707 *.
929 666 1035 719 quod
1078 666 1301 716 Bentleius,
1344 668 1468 709 solius
1511 684 1663 711 memor

139 739 300 789 Sumne,
330 740 389 779 sic
418 739 690 791 imperfectum
724 738 885 778 exhibet
914 738 954 777 in
985 737 1078 792 edit.
1105 737 1286 778 Graevii:
1316 736 1490 788 Στάδιος
1517 740 1663 794 χιτών,

140 823 256 863 quum
288 812 363 851 iam
394 809 588 862 prolatum
622 809 774 861 plenius
806 822 826 849 a
848 808 1090 861 Spanhemio
1111 808 1149 846 in
1165 807 1320 860 Fragm.
1340 808 1487 850 Callim.
1509 823 1546 862 p.
1569 812 1662 852 (286.

140 885 203 925 ed.
235 885 379 925 Graev.
414 887 450 927 d.
482 882 577 922 396.
608 882 670 922 ed.
698 882 792 922 Ern.
825 887 954 931 esset,
983 882 1034 921 ita
1065 893 1110 920 se
1140 880 1284 920 habet:

599 952 766 996 στάδιον
796 956 836 995 δ’
867 955 1028 995 ἐπιέστο
1055 955 1228 1005 χιτῶνα.

137 1023 302 1066 §ascaro
334 1027 561 1067 emendatio
592 1027 805 1080 Rutgersii.
850 1027 893 1066 ln
914 1026 1084 1068 Scholiis
1103 1026 1288 1078 Apollon.
1310 1027 1436 1067 Rhod.
1456 1027 1518 1067 ΙΙΙ.
1542 1027 1659 1067 1996.

140 1102 258 1149 atque
292 1097 386 1137 inde
417 1097 519 1150 apud
554 1097 814 1148 Favorinum,
847 1095 1016 1137 στάδιον
1046 1097 1082 1136 δ’
1116 1096 1292 1150 ὑφιέστο
1319 1114 1360 1150 χ.
1395 1098 1658 1151 vulgabatur;

136 1182 188 1209 ex
219 1169 406 1209 Parisinis
434 1182 539 1210 nune
569 1170 742 1210 στάδιον
767 1166 975 1224 ἑμφιήστο
999 1185 1042 1221 χ.
1072 1169 1265 1221 prolatum
1287 1175 1361 1220 est,
1391 1171 1438 1210 ab
1461 1171 1655 1211 Ruhnke-

132 1245 200 1283 nio
230 1244 268 1282 in
299 1242 437 1294 Epistt.
471 1242 597 1282 Tilliu-
627 1254 662 1293 p.
693 1241 783 1282 115.
814 1258 873 1284 στ.
908 1241 1117 1296 ἠμφίεστο
1146 1258 1186 1292 χ.
1215 1241 1426 1293 profertur.
1484 1242 1656 1283 στάδιον

133 1314 204 1354 ἐπὶ
233 1314 327 1354 ἕστο
350 1315 511 1365 χιτῶνα
542 1314 637 1353 citat
669 1314 885 1355 Salmasius
909 1314 948 1352 in
979 1313 1135 1352 Tertull.
1167 1313 1215 1352 (le
1246 1314 1336 1353 l'all.
1366 1326 1402 1365 p.
1428 1315 1493 1355 50.
1552 1332 1654 1355 ota-

131 1385 226 1424 ὸίὀυ
254 1386 432 1436 χιτῶνος
464 1385 770 1436 explicationem
808 1384 1040 1434 meliorem,
1071 1389 1179 1423 certe
1221 1385 1259 1423 in
1291 1385 1556 1433 Callimacho,
1589 1399 1651 1436 ea⁷

130 1469 246 1510 quam
274 1456 426 1497 scholia
456 1457 660 1510 Apollonii
690 1462 896 1511 praeeunt,
924 1457 1100 1510 εὐπαγῆ,
1129 1458 1271 1498 Suitlas
1306 1457 1446 1497 offert:
1479 1458 1652 1505 στάδιος

126 1529 280 1583 χιτών,
308 1527 327 1569 ὃ
357 1526 568 1583 ποδήρης,
599 1527 618 1569 ὁ
650 1532 816 1578 τέλειος.
875 1530 932 1570 Cf.
963 1532 1199 1582 interpretes
1229 1529 1454 1583 Phrynichi‚
1483 1531 1649 1570 Nunne-

128 1600 226 1652 sius‚
259 1602 322 1653 qui
355 1601 460 1653 quod
494 1602 601 1653 dicit,
630 1600 800 1643 στάδιον
830 1602 988 1654 χιτῶνα
1025 1601 1266 1642 Callimacho
1296 1602 1373 1642 dici
1403 1615 1469 1654 ap.
1490 1602 1647 1642 Eusta-

125 1671 260 1723 ίΙιὶῑιηι,
293 1685 370 1726 ego
402 1685 483 1712 non
512 1673 669 1726 reperio
700 1685 787 1712 eum
806 1672 998 1712 Eustathii
1017 1673 1169 1722 loeum3
1206 1675 1369 1726 caeteri,
1397 1686 1431 1726 p.
1448 1675 1539 1714 9:58.
1559 1687 1643 1727 seq.

125 1745 189 1789 ed.
221 1746 319 1786 Lol).
349 1746 563 1788 Salmasius
592 1746 616 1786 1.
636 1745 661 1785 l.
719 1746 771 1786 At
800 1746 921 1785 multo
951 1746 1250 1798 locupletiorem
1284 1752 1460 1787 nostram
1492 1749 1530 1788 in
1560 1761 1643 1788 rem

123 1822 328 1858 auctorem
361 1823 588 1859 annotatum
620 1818 774 1867 habco,
809 1819 1055 1858 Pausaniam.
1113 1819 1195 1858 Tali
1225 1818 1420 1859 Theseum
1456 1819 1642 1860 Callima-

120 1889 218 1931 chus
250 1891 290 1931 in
320 1891 468 1932 Hecale
507 1891 783 1932 introduxerat
812 1891 969 1942 habitu,
1001 1892 1105 1944 quali
1136 1893 1352 1932 Pausanias
1379 1893 1542 1945 primum
1577 1895 1643 1933 in-

118 1976 303 2017 gressum
326 1977 423 2009 ,esse
456 1965 635 2006 Athenas
664 1970 831 2006 testatur
857 1965 885 2006 I.
919 1965 983 2015 19,
1016 1969 1049 2006 1.
1090 1967 1258 2018 λέγουσι
1287 1966 1332 2006 δὲ
1370 1964 1425 2013 ὥς
1451 1963 1640 2019 ἐξειργα-

118 2037 272 2087 σμένου
300 2037 374 2076 τοῦ
402 2038 508 2078 ναοῦ
541 2038 756 2091 (Apollinis
785 2037 1005 2091 Delphinii)
1043 2035 1152 2091 πλὴν
1193 2040 1268 2091 τῆς
1308 2038 1465 2094 ὀροφῆς
1505 2037 1638 2092 ἀγνώς

118 2104 182 2147 ἔτι
210 2113 295 2156 τοῖς
322 2109 451 2151 πᾶσιν
482 2111 678 2165 α’φίκοιτο
711 2107 876 2164 Θησεύς
906 2109 948 2158 ἐς
977 2107 1052 2163 τὴν
1072 2108 1205 2150 πόλιν.
1264 2104 1331 2150 οἷα
1364 2111 1410 2150 δὲ
1436 2113 1637 2164 χιτῶνα

116 2175 285 2231 ἔχοντος
314 2180 448 2222 αὐτοῦ
483 2179 703 2238 ποδήρη
743 2180 815 2223 καί
842 2184 1124 2236 πεπλεγμένης
1153 2182 1194 2231 ἐς
1237 2181 1441 2235 εὐπρεπές
1482 2180 1519 2223 οἱ
1563 2185 1637 2237 τῆς

115 2247 268 2304 κόμης,
300 2249 356 2301 ὥς
388 2254 544 2307 ἐγίνετο
575 2250 677 2294 κατὰ
708 2250 780 2294 τὸν
808 2255 881 2294 τοῦ
912 2255 1142 2307 Δελφινίου
1172 2251 1283 2303 ναόν,
1315 2249 1352 2292 οἱ
1383 2249 1455 2306 τήν
1486 2255 1636 2307 στέγην

115 2321 431 2375 οἰκοδομοῦντες
460 2320 610 2380 ἤροντο
642 2325 722 2367 σὺν
759 2326 966 2382 χλευασίᾳ
999 2321 1019 2365 ὅ
1047 2340 1085 2365 τι
1128 2323 1177 2378 δή
1209 2325 1419 2377 παρθένος
1459 2325 1503 2365 ἐν
1543 2321 1632 2381 ὥρᾳ

112 2393 250 2446 γάμου
283 2398 488 2438 πλανᾶται
515 2394 631 2453 μόνη.
664 2403 703 2438 et
725 2400 790 2452 qui
819 2399 998 2452 sequitur
1027 2397 1178 2450 lepidus
1210 2396 1471 2437 cavillationis
1504 2409 1632 2436 even-

113 2470 187 2506 tus.
247 2467 321 2506 Hic
353 2472 414 2508 est
442 2469 669 2510 Callimachi
696 2469 867 2519 στάδιος
897 2470 1038 2523 χιτών.
1089 2471 1234 2510 Versus
1259 2470 1399 2510 eodem
1432 2470 1537 2509 exitu
1569 2474 1631 2509 est

112 2539 151 2578 in
184 2539 393 2592 Odysseae
423 2542 580 2593 ultimo,
624 2556 660 2583 V.
697 2543 791 2583 927.
830 2540 1051 2597 ῥυπόωντα
1098 2543 1142 2581 ὸὲ
1175 2543 1269 2582 ἓστο
1307 2542 1479 2593 χιτῶνα.
1549 2542 1629 2583 Sed

112 2625 228 2664 quum
259 2625 419 2665 semper
461 2615 561 2654 male
595 2628 657 2654 me
689 2615 834 2655 habeat
873 2615 967 2655 illud
1008 2616 1124 2654 nimis
1163 2627 1183 2654 a
1230 2614 1387 2666 vulgata
1432 2615 1626 2666 scriptura

108 2683 310 2738 ὖφίεστο,
337 2685 542 2740 ἐμφιήστο
574 2687 637 2726 vel
670 2687 902 2740 ἠμφίεστο,
932 2691 1123 2727 remotum
1153 2688 1340 2738 ἐπίεστο,
1370 2698 1451 2725 non
1481 2687 1625 2728 tacebo

109 2757 214 2809 quod
247 2758 341 2798 mihi
381 2760 422 2798 in
466 2764 635 2800 mentem
669 2761 803 2810 venit,
836 2759 1039 2814 ὖφέεστο,
1084 2772 1128 2799 er
1173 2759 1278 2798 hatte
1322 2763 1620 2813 mtteryez-oyen.

108 2830 298 2872 audacter
331 2844 457 2885 sane,
491 2844 608 2885 quum
652 2843 732 2872 non
768 2836 897 2872 exstet
935 2831 1026 2872 alibi
1069 2830 1275 2885 ιῗφέννυμι
1315 2830 1503 2872 verbum:
1548 2830 1620 2872 sed
