1856 3126
778 117 1057 156 „88—

164 240 251 280 sive
269 268 279 287 ,
305 241 347 276 ut
373 236 537 276 eosdem
568 247 716 275 vocare
740 234 841 274 solet
870 233 1113 280 Plutarchus,
1143 230 1317 284 ἦϊθέοις,
1347 232 1387 270 in
1408 228 1564 271 Cretam
1585 229 1680 270 mit-

168 309 325 358 tendis,
359 311 508 359 posset.
566 307 734 358 Tempus
775 306 972 359 posterius
1013 316 1129 357 quum
1166 304 1284 355 dico,
1326 314 1409 344 non
1443 301 1533 342 dico
1565 301 1684 341 multo

167 379 378 434 posterius,
414 380 484 420 sed
514 383 659 419 tantum
688 379 833 418 seriem
863 390 993 418 rerum
1028 377 1300 428 factorumque
1331 375 1475 415 Thesei
1505 374 1680 426 respicio

171 464 283 501 eam,
315 463 430 503 quain
460 462 481 489 a
513 449 712 500 plerisque
743 448 950 487 observari
982 459 1098 499 supra
1129 447 1260 487 docui.
1320 445 1448 487 Potuit
1477 458 1577 486 unus
1610 458 1687 486 ex-

173 522 418 575 peditionem
450 521 679 560 Cretensem
711 521 849 559 maiori
892 520 1081 571 temporis
1112 519 1240 570 spatio
1273 530 1461 570 separare
1491 531 1511 557 a
1541 519 1690 570 priori-

173 596 247 635 bus
265 594 408 634 Thesei
430 593 566 643 sactis3
598 593 722 645 potuit
751 593 848 632 alius
880 592 1047 632 candem
1079 603 1165 630 cum
1193 592 1390 643 prioribus
1419 591 1545 643 spatio
1574 601 1690 629 com-

175 666 427 720 prehendere
465 666 715 705 brevissimo.
775 666 813 704 id
847 664 951 717 quod
985 665 1120 703 facere
1150 663 1305 703 videtur
1333 664 1486 704 Seneca
1525 663 1562 702 in
1593 661 1691 713 llip-

174 739 309 793 polylo
340 752 377 777 v.
415 737 510 778 646.
545 739 609 777 ubi
653 737 854 777 Phaedra:
907 735 1046 775 Thesei
1085 735 1219 774 vultus
1265 746 1354 775 aino
1393 734 1489 774 Illos
1516 734 1692 785 priores,

176 824 275 864 quos
304 810 390 850 tum
414 811 611 861 qnomlam
637 821 758 862 puer3
793 814 832 848 et
867 821 967 862 quae
1003 820 1088 860 seq.
1121 806 1382 847 Callimachus
1416 806 1507 858 quid
1537 806 1613 845 hac
1643 804 1692 843 de

177 896 221 923 re
256 884 456 933 senserit,
482 883 592 933 dixi,
625 882 687 921 vel
719 883 846 934 magis
877 880 1129 929 coniectari,
1159 892 1195 931 p.
1229 878 1296 919 63.
1342 880 1472 932 Atque
1514 879 1573 918 sic
1602 877 1694 917 sor-

181 960 288 996 tasse
318 955 395 995 alii.
437 954 766 994 Pulchritudinem
797 953 940 993 Thesei
969 952 1232 1000 testabuntur,
1261 951 1324 1002 qui
1346 952 1510 1003 primum
1542 951 1580 990 in
1609 961 1697 989 ma-

180 1040 254 1069 nus
284 1028 468 1075 veniunt,
500 1026 729 1066 Plutarchus
759 1024 875 1067 Thes.
911 1037 943 1063 c.
975 1023 1041 1063 30.
1099 1023 1278 1074 Hyginus
1307 1023 1346 1062 F.
1377 1023 1556 1062 CCLXX.
1613 1022 1698 1061 Vc-

181 1112 266 1141 rum
297 1099 338 1138 hi
383 1099 510 1150 tnagis
541 1098 577 1136 in
609 1098 850 1136 universum.
885 1096 934 1135 dc
977 1095 1103 1134 fornia
1135 1094 1301 1143 Thesei,
1349 1105 1450 1145 quae
1492 1097 1571 1132 tum
1618 1093 1700 1142 suit,

183 1171 344 1212 iuvenili
387 1170 534 1209 diserte
575 1168 802 1209 Eustathius
845 1167 884 1207 in
927 1167 1094 1219 Dionys.
1126 1167 1282 1218 Pei-teg.
1321 1164 1438 1205 1017.
1473 1164 1635 1206 Servius
1662 1164 1700 1203 in

184 1243 292 1295 virg.
323 1241 426 1281 Aen.
455 1239 517 1279 vt.
554 1236 614 1283 14.
649 1252 736 1279 euin
763 1239 979 1291 interprete
1010 1239 1124 1279 Statii
1149 1237 1292 1277 Achill.
1324 1236 1390 1277 lib.
1415 1236 1441 1277 1.
1473 1241 1571 1280 extr.
1603 1248 1704 1289 quos

185 1315 319 1355 laudat
346 1312 538 1354 Mem-sius
568 1313 607 1352 in
636 1312 792 1352 Theseo
823 1323 908 1363 cap.
929 1310 967 1354 3.
999 1311 1139 1363 quihus
1170 1322 1274 1350 nunc
1305 1308 1396 1349 add.
1428 1308 1706 1362 Mythographi

184 1388 233 1429 A.
251 1387 342 1427 Maii
370 1399 407 1439 p.
431 1385 494 1425 16.
523 1389 562 1424 et
582 1384 670 1426 116.
693 1384 756 1424 ed.
774 1383 872 1424 Bod.
902 1384 952 1424 Et
971 1384 1185 1423 Pausanias
1216 1383 1306 1422 loeo
1328 1381 1458 1434 paullo
1488 1385 1580 1421 ante
1599 1380 1705 1421 laud.

185 1461 214 1500 Ι.
234 1459 299 1508 19,
325 1461 359 1500 1.
388 1471 410 1498 a
443 1469 520 1510 quo
542 1456 635 1496 illud
654 1457 801 1508 sumpsi
821 1455 871 1495 de
888 1454 1178 1508 pulchritudine
1202 1454 1326 1494 ferme
1344 1451 1522 1506 puellari.
1562 1452 1707 1492 Cuius-

190 1531 298 1572 modi
329 1534 576 1570 venustatem
599 1532 764 1569 testatur
790 1528 1002 1581 singularis
1024 1527 1173 1580 Lyncei
1195 1527 1317 1568 Samii
1339 1524 1440 1578 apud
1457 1523 1706 1565 Athenaeum

195 1604 274 1644 Vll.
304 1617 340 1657 p.
363 1603 457 1644 995.
486 1603 528 1642 B.
560 1601 727 1653 sabella,
755 1601 931 1641 Theseus
959 1613 1031 1654 pro
1062 1602 1175 1653 pisce
1205 1600 1433 1652 obsequens
1462 1596 1703 1650 Tlepolemo.

191 1676 249 1717 Cf.
291 1677 324 1716 si
356 1676 508 1728 placet,
549 1673 868 1714 Winckelmann.
907 1673 1151 1715 Monumenti
1183 1676 1261 1712 ant.
1292 1670 1399 1711 ined.
1429 1671 1474 1711 V.
1493 1670 1520 1710 I.
1552 1682 1589 1722 p.
1612 1669 1712 1719 132.

192 1750 271 1789 lam
300 1759 418 1788 nemo
448 1748 541 1797 erit,
572 1746 663 1798 quin
691 1745 768 1785 hue
798 1745 980 1784 conserat
998 1744 1274 1796 Fragmentum
1306 1743 1456 1785 Gallim.
1477 1743 1596 1784 XLIV
1612 1744 1650 1786 ‚ug

408 1819 541 1874 ἁρμοῖ
562 1833 643 1860 που
671 1817 843 1874 κοῖκειίνῳ
873 1814 1070 1870 ἐπέτρεχε
1099 1814 1247 1864 λεπτὸς
1274 1815 1430 1865 ἴουλος.

194 1893 447 1935 Valckenarii
485 1893 526 1932 in
563 1893 732 1933 Theocr.
772 1891 967 1933 Adoniaz.
1001 1903 1038 1929 ν.
1071 1888 1163 1930 130.
1194 1902 1232 1942 p.
1264 1888 1359 1930 409.
1389 1888 1437 1929 A.
1474 1889 1574 1928 haec
1618 1890 1708 1927 sunt

190 1967 335 2007 verba:
363 1966 425 2006 De
461 1964 609 2005 Theseo
639 1965 782 2004 iuvene
799 1995 810 2014 ,
841 1963 914 2004 Cui
939 1962 1075 2014 prima
1100 1974 1233 2014 puras
1263 1960 1393 2001 barba
1421 1959 1606 2012 signabat
1631 1971 1707 2011 ye-

192 2051 293 2089 mis,
344 2036 577 2077 Callimachi
607 2037 684 2089 fuit
710 2036 752 2075 in
791 2035 940 2075 Hecale
976 2047 1145 2074 versus.-
1185 2031 1346 2085 εΑρμοῐ
1373 2028 1452 2072 ήου
1480 2047 1519 2071 κ.
1547 2031 1579 2071 ἐ.
1609 2034 1645 2074 λ.
1676 2028 1705 2072 ἴ.

194 2111 266 2150 llic
302 2114 362 2148 cst
388 2108 500 2148 locus
529 2108 710 2159 Hecales,
739 2120 854 2160 quem
872 2107 1106 2161 Apollonius
1127 2110 1194 2146 aut
1222 2105 1443 2146 voluntaria
1472 2103 1706 2154 imitatione,

195 2186 262 2222 aut
293 2180 398 2233 quod
433 2181 602 2222 obscure
638 2185 727 2221 ante
761 2180 905 2221 lectum
932 2179 1241 2229 recordaretur,
1269 2178 1440 2218 imitatus
1473 2180 1554 2227 est,
1583 2176 1707 2224 alter;

195 2254 259 2294 vel
293 2255 446 2294 tertius.
488 2254 539 2294 cs.
571 2254 621 2294 ad
662 2253 818 2306 Fragm.
848 2252 967 2294 XLVI
999 2254 1039 2293 ἢ
1083 2252 1232 2292 monita
1269 2262 1306 2303 p.
1336 2249 1402 2290 60.
1450 2247 1500 2288 ad
1548 2247 1707 2300 Fragm.

196 2326 343 2368 CCXII.
376 2338 413 2379 p.
456 2326 522 2366 63.
597 2327 834 2381 Apollonius
873 2338 990 2380 quum
1033 2326 1198 2378 primum
1250 2322 1523 2376 Argonautica
1569 2319 1708 2371 edidit,

196 2401 276 2441 hoc
306 2401 520 2451 scripserat
549 2398 578 2438 Ι.
609 2399 701 2438 972.
734 2397 870 2450 ἁρμοῖ
891 2411 971 2438 που
993 2395 1163 2453 κάκείνῳ
1195 2391 1542 2445 ὑποσταχύεσκον
1559 2388 1708 2431 ἴουλοι.

200 2477 334 2525 aperta
366 2472 584 2512 imitatione
614 2469 853 2510 Callimachi.
911 2470 1014 2520 Post,
1045 2469 1083 2509 in
1113 2469 1235 2508 altera
1267 2465 1465 2505 editione:
1507 2458 1598 2504 ἶσόν
1628 2477 1708 2503 που

139 2574 145 2579 .
200 2545 373 2600 κάκείνῳ
404 2542 733 2596 ἐπισταχύεσκον
763 2539 912 2585 ἴουλοι,
968 2541 1008 2580 in
1045 2551 1121 2592 quo
1169 2539 1245 2578 iam
1283 2537 1388 2578 nulla
1430 2541 1489 2577 est
1531 2535 1708 2585 imitatio,

200 2616 264 2654 vel
299 2622 407 2655 certe
438 2615 702 2656 demonstrari
731 2627 811 2656 non
843 2617 983 2668 potest.
1042 2613 1108 2654 Sic
1138 2624 1220 2652 rem
1263 2611 1408 2651 factam
1446 2621 1537 2649 csse
1578 2611 1710 2647 narrat

202 2688 247 2727 E.
281 2688 506 2727 Gerhardus
541 2689 664 2728 Leclt.
696 2687 947 2741 Apollonian.
984 2699 1021 2738 p.
1054 2684 1092 2724 7.
1121 2684 1160 2724 8.
1218 2683 1424 2723 Diversam
1460 2681 1500 2720 in
1539 2679 1709 2719 diversis

202 2761 417 2812 exemplis,
462 2772 540 2799 uno
579 2762 739 2812 priore,
783 2759 907 2799 altero
952 2758 1206 2810 posteriore,
1241 2755 1470 2806 scripturam
1511 2750 1711 2804 Apollonii

205 2834 351 2888 primus
382 2838 672 2874 monstraverat
701 2846 751 2873 ex
781 2832 943 2873 scholiis
963 2830 1218 2871 Ruhnkenius
1242 2827 1363 2879 Epist.
1387 2823 1537 2866 crit.11.
1558 2835 1594 2876 p.
1619 2823 1710 2864 198.
