1856 3126
690 127 1066 167 .-246-

147 247 348 301 pertimuit
376 244 541 293 Hecale,
571 245 732 296 quoties
763 248 1032 297 apparuerunt
1061 243 1198 297 fungi3
1228 242 1370 282 eadem
1400 241 1573 295 expavit,
1602 252 1681 282 co-

147 318 333 368 horruit,
366 327 484 368 quum
517 319 666 355 noctua
699 319 776 356 etc.
835 315 884 355 Et
913 326 1019 354 nunc
1051 315 1136 354 fere
1164 325 1398 366 persuasum
1432 318 1516 364 est,
1545 313 1681 353 insau-

151 395 254 431 stum
284 400 402 429 omen
435 387 583 434 fuisse,
617 388 654 427 h.
690 400 725 427 e.
757 388 969 427 infaustum
999 388 1124 426 visum
1156 398 1247 425 esse
1276 384 1465 435 Hecatae,
1490 381 1682 436 μύκητας

148 462 252 502 illos.
309 447 496 501 Faustum
524 458 604 498 hoc
635 462 784 498 tantum
827 457 1136 498 commemorari
1176 456 1321 506 video,
1354 467 1472 508 quum
1514 453 1685 493 sternuit

147 534 326 574 lucerna.
387 532 475 579 Quo
507 530 708 582 pertinent
740 542 763 569 a
795 530 1025 582 Bulengero
1058 529 1143 569 Lib.
1173 528 1235 567 tv,
1277 528 1325 567 de
1358 526 1556 579 Prodigiis
1587 525 1683 577 Cap.

153 607 218 645 12.
256 603 421 643 indicati
466 601 634 641 Ovidius
672 601 794 653 Epist.
829 600 935 641 XIX.
977 601 1067 641 151.
1101 611 1161 651 sq.
1223 599 1380 639 Marcus
1418 597 1686 650 Argentarius

153 674 276 716 Anth.
303 673 383 714 Pal.
412 673 441 712 1.
470 684 507 724 p.
543 672 635 712 295.
669 671 826 723 (Epigr.
859 671 1009 711 α’ὸέσπ.
1037 668 1159 721 LXI.)
1219 671 1266 710 Ut
1299 676 1453 710 taceam
1484 669 1687 721 proprium

150 759 199 787 ao
236 745 441 798 peculiare
478 742 638 782 Tiberio
669 742 966 793 maioribusque
1009 742 1096 781 eius
1134 745 1358 782 ostentum:
1404 743 1568 782 Sueton.
1600 739 1685 778 Tib.

154 830 189 858 e.
225 819 289 859 19.
348 819 408 858 De
437 816 730 855 sternutatione
764 820 893 855 antem
927 816 1022 855 nihil
1062 816 1101 855 in
1143 815 1278 854 verbis
1308 812 1554 854 Callimachi.
1612 811 1688 850 Et-

153 890 259 929 enim
288 894 330 929 ut
356 899 577 941 persequar
608 887 833 928 inchoatam
857 901 878 928 a
908 889 1093 928 Turnebo
1113 888 1284 928 Advers.
1309 886 1430 926 XXll.
1456 885 1518 925 18.
1549 883 1686 935 dispu-

154 960 362 1008 tationem,
397 959 478 999 salli
507 963 616 1010 pum,
651 960 714 998 vel
745 960 918 998 obscure
952 959 1086 1010 loqui,
1118 960 1371 999 Scholiasten
1401 956 1538 1006 Arati,
1569 967 1688 1008 quum

151 1033 392 1083 σπινθῆρας
424 1032 705 1082 interpretatur
732 1029 946 1082 μύκητας,
978 1034 1096 1081 atque
1129 1031 1182 1069 ita
1206 1028 1367 1068 scribit:
1402 1027 1691 1080 ἀφιήσίτινας

155 1103 422 1154 σπινθῆραςς
466 1105 506 1140 et
540 1102 712 1140 maxime
742 1100 997 1140 Scholiasten
1026 1100 1324 1153 Aristophanis,
1359 1100 1424 1152 qui
1454 1099 1530 1138 ita:
1563 1094 1602 1137 οἱ
1635 1122 1690 1128 -—

155 1173 386 1224 σπινθῆρες
417 1170 719 1224 ἀποπηδῶσιν,
753 1167 827 1217 οὕς
856 1168 1046 1224 μύκητας
1078 1172 1150 1210 νῦν
1191 1171 1312 1223 λέγει.
1382 1171 1488 1210 Sane
1531 1169 1573 1208 fit
1613 1169 1692 1208 hoo

160 1253 346 1294 quoque,
377 1247 416 1282 et
446 1247 508 1282 est
548 1243 653 1282 inter
683 1244 944 1295 prognostica
978 1243 1081 1295 apud
1112 1243 1428 1294 Theophrastum
1462 1245 1501 1280 et
1528 1240 1694 1280 Aratum

162 1326 201 1354 V.
233 1313 328 1357 979.
363 1314 523 1364 (2470,
554 1319 593 1353 et
621 1314 700 1353 hoc
731 1315 816 1353 fere
849 1314 951 1353 velle
985 1314 1192 1362 videntur,
1222 1316 1288 1366 qui
1318 1318 1529 1353 sternuere
1557 1311 1696 1351 lucer-

163 1396 256 1424 nam
288 1384 434 1424 dicunt.
492 1385 546 1426 At
575 1385 777 1425 diversum
808 1384 848 1424 id
888 1391 949 1425 cst
987 1398 1008 1426 a
1046 1386 1215 1437 simplici
1253 1385 1452 1438 μυκήτων
1482 1385 1699 1432 mentione,

161 1456 304 1508 qualis,
330 1461 372 1496 ut
405 1456 506 1496 alios
538 1469 643 1496 nune
676 1462 844 1506 taceam,
878 1457 980 1509 apud
1011 1457 1338 1510 Aristophanem,
1365 1458 1544 1509 Aratum,
1575 1455 1699 1495 Calli-

160 1527 367 1567 maehum:
400 1529 465 1579 qui
495 1528 714 1580 scriptores
746 1540 850 1581 quae
879 1529 1002 1568 verba
1033 1529 1198 1579 addunt,
1226 1526 1362 1568 ἔπεισι
1390 1527 1586 1581 μύκητες,
1616 1523 1698 1578 μύ-

161 1613 280 1651 κητες
311 1599 578 1651 α’γείρωνται,
613 1599 801 1650 ἐγένοντο
831 1597 1043 1652 μύκητες,
1076 1603 1174 1640 satis
1209 1600 1424 1639 ostendunt
1451 1600 1598 1652 fungos
1631 1599 1699 1638 in-

162 1670 289 1722 telligi
320 1681 399 1709 non
428 1670 684 1722 prosilientes
727 1682 750 1709 e
789 1671 977 1722 lucerna,
1005 1671 1078 1711 sed
1126 1672 1452 1725 agglomerantes
1497 1682 1591 1711 sese
1634 1670 1700 1709 el·-

163 1738 353 1792 lychnio,
381 1741 497 1793 eique
530 1741 802 1781 inhaerentes.
860 1743 1082 1793 πυρόεντες
1111 1744 1216 1794 quod
1244 1743 1407 1783 audiunt
1442 1741 1700 1793 Callimacho,

166 1813 361 1852 convenit
405 1824 492 1852 cum
541 1814 818 1865 Theophrasto
867 1815 927 1854 Fr.
970 1815 1031 1854 Vl.
1079 1821 1142 1863 (π,
1187 1816 1371 1867 σημείων
1416 1811 1586 1854 ὑδάτων
1630 1811 1702 1852 καί

165 1881 417 1935 πνευμάτων
446 1889 546 1935 etc.)
583 1887 616 1924 1.
646 1886 706 1925 14.
738 1887 802 1925 cui
828 1886 1023 1936 λαμπροί.
1084 1886 1232 1925 Contra
1263 1886 1389 1925 altero
1419 1885 1510 1924 loco
1540 1884 1636 1924 ibid.
1658 1883 1698 1933 3,

168 1957 206 1996 5.
237 1953 368 2006 μύκαι
405 1958 601 2007 μέλαιναι
647 1958 844 1998 (licuntur.
919 1959 1031 2006 Quae
1075 1959 1248 1998 fortasse
1295 1956 1551 1996 concilianda
1595 1959 1699 1995 sunt.

170 2027 303 2077 Certe,
336 2039 438 2078 quae
471 2039 560 2067 mea
594 2033 654 2068 est
682 2029 799 2069 huius
832 2030 892 2069 rei
922 2029 1178 2079 observatio,
1210 2028 1321 2081 fungi
1351 2028 1406 2067 illi
1430 2039 1476 2066 re
1508 2038 1607 2067 vera
1635 2027 1702 2067 su-

169 2098 253 2151 ligo
286 2102 325 2137 et
353 2097 486 2137 favilla
510 2103 615 2150 sunt,
641 2100 714 2139 sed
739 2100 987 2140 candescunt
1016 2112 1088 2152 per
1114 2100 1310 2139 flammam
1339 2098 1544 2139 lucernae.
1603 2098 1700 2146 Iam,

169 2172 212 2209 ut
238 2180 288 2208 eo
319 2179 507 2220 pergam,
540 2181 618 2220 quo
650 2171 862 2222 volebam,
894 2172 1006 2224 fungi
1045 2171 1242 2211 eiusmodi
1284 2182 1402 2222 quum
1442 2169 1702 2209 inhaeserunt

170 2240 211 2279 in
245 2239 474 2291 ellychnio,
504 2240 668 2293 languet
706 2255 837 2296 neque
870 2243 973 2283 laete
1002 2244 1176 2296 assurgit
1213 2244 1383 2282 flamma.
1456 2243 1586 2294 Atque
1627 2251 1702 2293 pro

170 2311 346 2351 infausto
393 2311 472 2351 hoc
519 2311 697 2352 habitum
745 2325 861 2361 esse,
912 2326 1029 2365 quum
1080 2315 1365 2354 obscuraretur
1415 2313 1703 2365 langueretque

171 2383 352 2432 flamma,
383 2387 422 2422 et
465 2385 680 2425 coniicitur
706 2385 989 2437 probabiliter,
1033 2391 1073 2425 et
1103 2386 1269 2426 discitur
1307 2397 1358 2425 ex
1385 2384 1580 2436 Propertii
1609 2384 1703 2423 loeo

176 2459 267 2494 ante
294 2453 468 2493 laudato.
531 2454 588 2493 Cf.
625 2467 704 2494 non
736 2461 873 2495 certae
904 2458 1152 2497 auctoritatis
1180 2457 1294 2497 loeus
1322 2456 1444 2508 Epist.
1466 2453 1705 2496 Ovid.XX1.

180 2525 270 2564 159.
329 2526 395 2566 Sic
430 2526 584 2565 differet
616 2527 763 2578 aliquid
806 2530 908 2568 inter
938 2534 1116 2568 veterum
1158 2529 1484 2581 superstitionem
1521 2532 1560 2567 et
1601 2526 1706 2566 hanc

175 2608 290 2646 quam
324 2598 538 2636 etiamnum
571 2598 756 2638 obtinere
788 2601 922 2639 audio.
981 2601 1159 2652 Namque
1180 2612 1288 2640 nunc
1308 2599 1478 2652 puellae,
1511 2599 1561 2638 de
1589 2596 1704 2651 plebe

174 2666 279 2716 illae,
308 2679 424 2719 quum
455 2675 676 2721 occupatae
711 2672 750 2710 in
783 2673 920 2723 pensis
952 2673 1159 2712 nocturnis
1189 2673 1354 2725 fungum
1389 2671 1640 2723 conspiciunt
1664 2669 1705 2708 in

175 2737 340 2778 lucerna
373 2747 649 2792 apparentem,
687 2743 885 2782 laetantur
912 2749 1030 2796 atque
1063 2744 1215 2784 litteras
1246 2749 1437 2783 venturas
1469 2753 1562 2782 esse
1591 2752 1706 2780 ama—

175 2808 273 2847 toris
301 2807 509 2863 longinqui
541 2813 731 2854 dictitant.
779 2815 980 2868 Agathiae
1013 2817 1052 2856 in
1081 2816 1265 2857 versibus
1298 2815 1430 2868 paullo
1460 2817 1553 2853 ante
1575 2823 1704 2865 appo-
