1856 3126
706 114 1014 151 —163—

127 232 271 275 CCCV.
304 234 356 274 ita
402 232 685 273 constitutum:
734 231 884 272 δέδαεν
930 231 976 270 δὲ
1022 229 1279 283 λαχαινέμεν
1323 224 1426 281 ἔργα
1470 225 1664 281 σιδήρου,

126 313 256 360 aptum
290 306 489 346 videbitur
515 305 565 344 ad
598 304 736 344 Catuli.
758 317 795 343 v.
814 304 881 343 49.
915 314 993 355 ego
1028 301 1121 342 illud
1152 313 1272 354 supra
1290 301 1419 341 Aetiis
1445 299 1662 341 vindicavi.

124 380 352 432 Fragmenti
384 377 601 419 CCXCVII.
633 373 738 432 ᾔδεα
783 379 944 427 μᾶλλον
981 376 1061 426 ἐγώ
1104 388 1197 414 κοτε
1242 398 1298 405 —
1338 368 1463 427 (ᾔδεα
1503 374 1665 423 μᾶλλον

124 449 266 504 ἔγωγεῑ
294 448 464 489 Bekker.
497 448 654 488 Anecd.
686 448 753 488 Gr.
782 447 847 487 111.
877 460 914 500 p.
951 447 1070 487 1287.
1105 450 1231 496 extr.)
1266 451 1305 486 et
1334 446 1491 499 Fragm.
1521 445 1662 489 CCLV.

123 519 260 573 λύχνα
293 522 458 575 φανείη,
489 519 707 560 similitudo
741 518 938 571 quaedam
969 523 1055 565 est,
1086 519 1160 558 sed
1197 530 1245 558 ea
1274 518 1477 558 levissima
1507 522 1546 558 et
1576 518 1665 559 sor-

124 594 236 644 tuita,
266 592 329 632 vel
360 604 406 632 re
434 603 531 632 vera
563 591 692 642 nulla,
725 603 813 630 cum
844 590 986 630 Catulli
1016 590 1118 630 locis
1156 591 1223 642 qui
1266 595 1358 630 sunt
1386 603 1424 630 v.
1457 592 1521 630 95.
1555 590 1594 630 ὃ.
1625 595 1665 630 et

123 676 162 703 v.
188 663 255 704 79.
313 663 498 714 Denique
536 663 587 702 ad
628 662 767 702 Catuli.
806 663 870 701 12.
918 660 1123 700 Vastatum
1158 661 1250 711 finis
1282 661 1416 700 iverat
1453 660 1664 712 Assyrios,

122 735 356 785 retulerunt,
387 746 469 774 non
501 735 650 786 primus
682 733 965 783 Blomfieldius,
997 732 1070 773 sed
1101 737 1194 773 ante
1228 733 1514 772 Blomfieldium
1546 734 1664 773 Anna

122 808 255 858 Fabri,
288 806 552 859 fragmentum
585 805 817 846 Callimachi
847 806 956 846 CLll.
990 804 1011 859 ἡ
1046 805 1127 846 α’πὸ
1151 806 1238 856 (vel
1260 804 1283 858 ἦ
1308 804 1400 855 oe'n’)
1423 799 1665 857 Ἀσσυρίων

121 876 318 934 ἧμεδαπὴ
351 874 542 931 στρατιή.
600 878 811 930 Repugnat
837 877 1126 918 Boissonadius
1155 890 1192 930 p.
1226 879 1319 919 202.
1378 878 1428 917 Et
1458 878 1664 917 Blomtiel-

123 952 212 993 dius
243 952 402 1004 quidem
437 962 527 990 eum
554 950 595 990 in
625 949 742 990 finem
775 954 920 1001 tentat,
948 950 1118 990 Porsoni
1148 950 1290 1003 legens
1328 949 1523 1002 vestigia,
1557 949 1666 1000 quod

121 1024 217 1065 mihi
249 1035 408 1076 quoque
438 1027 530 1063 ante
560 1022 705 1062 multos
736 1033 867 1062 annos
897 1023 935 1061 in
968 1026 1141 1062 mentem
1171 1027 1363 1063 venerat:
1393 1016 1452 1075 ἤϊ’
1473 1022 1536 1061 ἐπ’
1566 1020 1666 1065 Ἀσ-

122 1100 284 1151 συρίων
313 1094 351 1149 ἡ.
384 1110 448 1138 στ.
506 1094 594 1147 Ego
630 1106 737 1134 nunc
768 1105 898 1145 neque
932 1095 1192 1134 coniecturae
1221 1094 1286 1134 isti
1315 1092 1501 1143 confido,
1531 1104 1664 1145 neque

121 1169 228 1210 aliud
258 1169 406 1217 habeo,
435 1179 513 1219 quo
544 1166 887 1206 necessitudinem
917 1165 1172 1206 intercedere
1201 1178 1290 1206 cum
1321 1177 1371 1205 eo
1395 1166 1543 1206 Comae
1571 1166 1662 1205 loco

122 1246 225 1292 (aut,
257 1241 306 1281 de
339 1251 417 1293 quo
448 1239 548 1279 alius
578 1239 741 1291 cogitet,
772 1249 859 1278 cum
889 1250 926 1281 v,
949 1236 1039 1287 36.)
1071 1236 1207 1278 verbis
1238 1238 1352 1278 hisce
1381 1237 1661 1290 persuadeam.

231 1313 292 1354 De
324 1318 490 1353 tonsura
522 1311 665 1364 capitis
696 1321 777 1350 non
808 1311 1023 1350 iuraverim
1054 1309 1171 1362 plane
1212 1309 1308 1349 illud
1347 1309 1475 1361 ipsum
1518 1310 1662 1362 prodi-

121 1386 232 1427 disse
260 1391 449 1439 poetam,
489 1383 597 1436 quod
638 1387 866 1423 narrantem
896 1382 1144 1422 Plutarchum
1185 1382 1423 1422 audivimus.
1488 1382 1660 1432 Deinde,

119 1456 228 1510 quod
260 1457 346 1509 plus
376 1459 457 1505 est,
486 1453 743 1494 frustulorum
776 1458 852 1493 tam
894 1453 1161 1503 minutorum,
1192 1449 1282 1493 τόδ’
1312 1450 1398 1505 ἔχω
1439 1454 1589 1505 σέβας,
1623 1458 1662 1493 et

118 1525 180 1569 ἔτι
213 1528 444 1580 maminoto
482 1527 697 1579 περιθριξ,
735 1526 1086 1578 interpretationes
1121 1537 1232 1565 meas
1265 1525 1331 1578 qui
1358 1525 1465 1566 dicet
1504 1527 1662 1566 somnia

118 1612 235 1652 esse,
264 1611 327 1639 me
362 1599 489 1651 ipsum
530 1610 611 1638 non
643 1598 907 1637 vehementer
942 1597 1207 1637 reluctantem
1249 1597 1424 1638 habebit.
1483 1599 1572 1639 Mea
1619 1600 1660 1638 in

118 1671 261 1712 talibus
293 1671 380 1711 laus
411 1675 514 1722 est0,
541 1675 584 1711 ut
617 1670 722 1710 hene
765 1674 955 1722 sequutus
991 1681 1084 1709 esse
1125 1670 1230 1709 filum
1274 1670 1433 1711 fabulae
1465 1670 1661 1723 Theseae,

118 1748 239 1797 utque
272 1743 384 1784 dicar
415 1744 677 1795 proposuisse
709 1742 815 1782 haud
846 1742 1013 1794 indigna
1045 1741 1303 1784 Callimacho.

231 1816 444 1856 Praeterea
475 1815 525 1855 de
553 1819 717 1855 tonsura
751 1812 858 1866 quod
890 1813 975 1865 fuit,
1007 1817 1137 1853 utrum
1168 1825 1313 1854 nexum
1344 1826 1432 1854 cum
1460 1815 1524 1864 iis,
1555 1827 1658 1867 quae

117 1891 250 1930 statim
278 1893 511 1941 sequentur,
543 1899 594 1927 an
625 1898 808 1927 seorsum
838 1886 1027 1938 positum,
1055 1891 1184 1926 utrum
1213 1892 1306 1927 ante
1327 1899 1498 1928 coenam
1525 1889 1660 1928 inser-

115 1966 196 2002 tum
229 1961 367 2011 fuerit,
399 1972 448 2000 an
478 1963 568 2011 post
602 1971 715 2008 eam,
751 1957 911 1997 dubium
943 1961 1017 1997 est.

228 2034 324 2074 Nam
354 2037 443 2085 post
475 2044 644 2072 coenam
687 2031 852 2083 longum
883 2029 1084 2082 quoddam
1114 2029 1378 2082 colloquium,
1415 2031 1480 2072 vel
1511 2033 1657 2085 potius,

116 2111 159 2146 ut
189 2106 320 2146 statim
353 2103 648 2154 declarabitur,
681 2105 842 2157 longam
881 2104 1153 2143 narrationem
1188 2103 1334 2154 fuisse,
1364 2108 1443 2144 tam
1482 2116 1655 2157 persua-

116 2191 203 2219 sum
235 2178 330 2218 mihi
364 2178 440 2229 esl,
469 2190 586 2231 quam
617 2176 724 2229 quod
755 2177 927 2216 maxime
959 2177 998 2215 in
1027 2176 1102 2215 hac
1133 2188 1257 2228 saepe
1290 2176 1443 2216 difficili
1467 2178 1655 2217 carminis

117 2251 315 2302 deperditi
357 2261 430 2302 per
474 2254 610 2301 partes
652 2259 748 2288 suas
797 2246 1075 2299 dispositione.
1148 2247 1206 2287 lta
1248 2247 1443 2298 decebat,
1481 2248 1656 2300 colloqui

115 2322 314 2374 hospitem
351 2333 440 2361 cum
470 2321 640 2374 hospita.
699 2319 803 2361 Nihil
838 2323 970 2359 autem
1010 2320 1139 2373 magIS
1181 2325 1497 2360 consentaneum
1538 2332 1656 2372 quam

114 2406 305 2435 narrasse
338 2393 528 2434 nonnulla
561 2393 759 2434 Theseum
798 2392 916 2432 avide
955 2391 1132 2432 audienti
1163 2392 1346 2445 hospitae
1393 2403 1504 2432 suae.
1570 2391 1656 2431 He-

114 2468 203 2508 cale
233 2479 336 2520 quae
365 2471 548 2506 narraret
578 2460 810 2506 nonmulta
843 2465 1031 2506 habehat.
1088 2465 1174 2507 Nisi
1205 2465 1283 2506 huc
1320 2464 1528 2506 retrahere
1565 2464 1654 2517 pla-

115 2545 206 2582 ceat
233 2551 353 2594 supra
385 2551 407 2580 a
437 2550 501 2578 me
529 2542 773 2591 pertractata

380 2609 426 2653 ἔκ
453 2623 508 2662 με
539 2607 780 2651 Κολωνάων
808 2614 886 2651 etc.

112 2688 153 2726 et

383 2756 603 2808 δινομένην
631 2751 711 2794 ὑπὸ
741 2755 891 2805 βουσίν
916 2750 1024 2809 ἐμὴν
1058 2749 1298 2808 ἐφύλασσεν
1329 2747 1463 2793 ἅλωα.

113 2830 293 2872 Theseus
321 2828 444 2873 multa
475 2831 514 2868 et
544 2837 713 2879 magna,
755 2829 796 2866 et
834 2825 956 2879 digna
999 2823 1237 2865 tractatione
1272 2823 1447 2877 poetica.
1522 2823 1655 2878 Atque
