1856 3126
732 128 1033 188 —2294

108 257 399 317 'Aptotortuog
433 285 481 291 —
512 262 584 302 ἐπί
603 262 764 317 στίχου·
797 266 937 320 ὀλίγην
969 266 1119 319 νησῖδα
1151 267 1403 317 Καλυψοῦς.
1464 265 1573 321 φησί
1603 266 1649 306 δὲ

112 334 251 376 οὕτω·
296 333 440 389 ὀλίγην
482 338 559 375 010.
620 336 716 377 1111111
751 343 899 379 1311111111
939 339 1127 385 dubium,
1159 342 1287 378 utrum
1321 341 1552 389 postrema,
1580 335 1652 397 καὶ

101 403 287 461 Ὅμηρος
315 432 369 438 -
397 405 562 460 μικράν,
594 420 645 448 ex
676 410 944 463 disputatione
973 411 1208 461 Aristonici,
1242 423 1291 450 an
1323 411 1456 450 addita
1489 412 1568 450 sint
1599 409 1649 449 ab

110 479 340 520 Ammonio.
456 479 552 519 Pars
586 482 883 523 emendationis
923 484 1110 535 primaria
1141 508 1176 514 —
1222 480 1415 536 Ἑκάλης,
1455 481 1527 523 ἐπί
1556 483 1651 522 στί-

109 565 206 603 χου·
235 577 285 582 -
315 562 430 602 quam
460 552 613 593 incerta
646 555 711 605 sit,
744 567 860 608 quum
894 555 944 595 de
970 555 1193 596 Aristonici
1226 552 1504 608 ὑπομνήματι
1527 551 1650 594 Ἑκά-

110 625 185 674 λης
214 622 309 661 nihil
341 621 502 662 aliunde
536 630 719 674 constet,
750 631 789 666 et
821 625 1112 666 Valckenarius
1150 631 1360 677 senserat,
1395 627 1461 678 qui
1493 626 1543 665 de
1575 638 1647 666 sua

108 694 193 745 ipse
225 694 508 735 emendatione
539 697 591 736 ita
620 698 784 737 scribit:
816 697 897 738 Sed
925 698 1027 737 haec
1056 710 1170 737 mera
1202 702 1262 737 est
1291 703 1329 737 et
1369 699 1478 737 nullo
1520 709 1648 755 arqu-

106 770 236 813 mento
269 766 371 806 nixa
400 767 619 808 hariolatio
633 782 646 817 ,-
680 774 718 809 et
762 774 878 809 acute
922 781 1050 822 nuper
1095 770 1285 810 Lehrsius
1329 770 1379 809 (10
1419 770 1647 810 Aristarchi

107 838 252 878 studiis
282 839 397 879 Hom.
427 852 463 892 p.
498 841 536 880 6.
580 841 742 895 collegit
782 854 883 893 quae
923 842 1084 883 obstant
1128 844 1342 896 speciosae
1386 837 1648 882 coniecturae

105 910 175 950 illi.
232 910 282 950 Et
313 911 483 952 Lehrsio
514 918 556 952 111
585 925 704 953 unum
746 914 965 954 alterumve
1007 916 1156 969 opponi
1200 915 1305 956 haud
1343 915 1447 955 male
1489 915 1649 968 poterit,

104 982 158 1022 ita
190 982 268 1023 hoc
300 983 419 1024 facile
452 997 592 1026 omnes
623 987 864 1038 concedent,
895 999 1060 1040 prorsus
1093 987 1286 1027 incertam
1320 998 1403 1026 rem
1435 997 1527 1026 esse
1551 986 1649 1026 Val-

106 1055 301 1096 ckenarii.
361 1057 488 1098 Unum
520 1063 671 1098 tantum
717 1060 853 1099 caveri
895 1060 1038 1109 velim,
1072 1059 1176 1110 1111011
1225 1059 1276 1098 311
1317 1063 1495 1099 nostram
1541 1070 1648 1099 nune

104 1139 188 1167 rem
222 1128 339 1168 facit:
366 1141 417 1168 ne
449 1130 538 1181 quis
572 1130 689 1182 haec,
722 1131 865 1185 ὀλίγην
896 1131 1045 1185 νησῖδα
1083 1131 1346 1184 Καλυψοῦς,
1377 1131 1484 1182 quod
1515 1129 1648 1170 aliena

104 1199 154 1239 ab
188 1205 426 1253 argumento
463 1202 633 1243 Hecales
673 1204 909 1254 videantur,
941 1204 1060 1255 plane
1092 1215 1173 1243 non
1206 1202 1397 1242 debuisse
1437 1202 1487 1242 ad
1522 1201 1647 1242 Calli-

103 1272 286 1312 machum
321 1278 361 1313 et
390 1274 570 1314 llecalen
600 1275 744 1315 referri
777 1275 896 1315 dicat.
957 1276 1054 1315 Nam
1096 1279 1136 1314 ut
1180 1274 1291 1325 dixi,
1332 1275 1419 1326 quis
1458 1274 1646 1313 metiatur

101 1344 236 1384 animo
267 1347 468 1398 certisque
499 1348 806 1388 circumscribat
837 1348 1004 1397 1111111115,
1037 1359 1135 1400 quas
1164 1351 1283 1399 pocta
1313 1359 1380 1386 res
1409 1345 1646 1398 fabulasque

104 1417 235 1457 obiter
265 1429 600 1472 commemorare,
637 1420 730 1461 data
762 1421 1072 1473 opportunitate,
1102 1419 1288 1473 potuerit,
1325 1431 1424 1470 quas
1458 1431 1539 1458 non
1567 1430 1647 1471 po-

102 1490 253 1530 tuerit?
310 1491 372 1531 Ac
402 1491 436 1531 si
467 1491 730 1533 vehementer
758 1506 920 1548 urgear,
953 1498 994 1534 ut
1024 1494 1154 1533 locum
1189 1492 1385 1543 Hecales,
1420 1504 1535 1544 quem
1568 1492 1647 1532 ob-

102 1563 230 1602 tinere
263 1563 330 1603 illa
360 1566 575 1616 potuerint,
609 1565 835 1617 ostendam,
868 1577 946 1619 ego
976 1566 1016 1604 in
1050 1564 1263 1603 Prooemio
1294 1564 1492 1616 poematis
1521 1563 1646 1603 fuisse

104 1635 376 1688 coniecerim,
421 1639 526 1677 inter
567 1638 643 1678 alia
685 1643 824 1678 eontra
871 1638 1131 1678 adversarios
1182 1637 1395 1689 scriptum,
1441 1635 1520 1676 hoc
1558 1636 1644 1675 sere

102 1707 251 1747 modo:
284 1708 449 1761 νήϊδες,
481 1709 549 1760 qui
586 1709 774 1761 ignorant
803 1707 943 1763 ὀλίγην
972 1709 1123 1762 ’νησῖδα
1158 1708 1412 1759 Καλυψοῦς.
1488 1707 1645 1746 Conie-

104 1785 256 1820 cturam
280 1780 400 1820 docte
421 1781 770 1822 communiendam
794 1794 858 1833 eo,
887 1781 1005 1834 quod,
1023 1785 1064 1820 ut
1087 1791 1205 1832 supra
1226 1791 1261 1833 p.
1280 1779 1370 1819 197.
1390 1792 1448 1832 511.
1471 1779 1643 1819 vidimus

103 1853 262 1904 obiter,
294 1853 454 1893 aliunde
490 1859 671 1906 constat,
705 1854 988 1894 Callimachum
1028 1852 1173 1893 alicubi
1205 1852 1447 1891 sententiam
1493 1851 1644 1891 dixisse

105 1925 155 1965 de
178 1925 331 1976 Gaudo,
362 1938 485 1978 parva
518 1931 557 1966 et
588 1926 762 1967 obscura
796 1926 939 1976 insula,
971 1937 1086 1977 quam
1119 1929 1249 1964 tamen
1284 1925 1376 1977 ipse
1402 1935 1474 1977 pro
1506 1924 1643 1963 insula

105 1997 305 2050 Calypsus
345 1998 493 2038 habuit.
554 1999 641 2039 Hoc
673 2004 822 2039 tantum
853 1999 1023 2051 exempli
1067 2009 1239 2048 caussa,
1276 2002 1316 2037 01
1359 1999 1399 2038 111
1445 1998 1643 2037 honorem

103 2070 357 2110 Valckenarii
392 2072 769 2126 emendationisque
803 2072 1148 2125 speciosissimae.

217 2143 455 2195 Opinionem
487 2143 742 2184 Valckenarii
776 2145 922 2196 aliam,
956 2144 1006 2184 dc
1037 2144 1188 2184 Hecale
1222 2142 1436 2197 cogitantis
1465 2143 1505 2182 in
1539 2142 1643 2181 Fra-

102 2220 267 2267 gmento
304 2215 534 2256 Callimachi
567 2216 770 2257 CCXXVI.
803 2218 1062 2257 tractavimus
1093 2216 1277 2270 Prolegg.
1308 2220 1408 2256 extr.

215 2287 302 2326 Non
362 2290 491 2342 magis
539 2293 650 2329 certa
711 2301 778 2329 res
836 2294 900 2329 est
951 2289 1001 2329 de
1046 2289 1288 2342 Fragmento
1337 2285 1641 2327 Blomsieldiano

104 2357 384 2399 CCCCLXXV.

327 2429 405 2472 σὺν
436 2433 472 2471 δ’
503 2431 603 2486 ἡμῖν
633 2430 652 2473 ὅ
685 2430 907 2486 Πελαργὸς
939 2431 1250 2484 ἅμορβεύεσκεν
1281 2429 1447 2484 ἀλήτης.

103 2515 155 2542 ex
185 2503 353 2555 Etymol.
384 2505 433 2545 M.
462 2506 502 2546 in
527 2491 798 2560 Ἇῇιορμεύω,
827 2506 978 2546 Lexico
998 2505 1070 2545 Ms.
1092 2504 1218 2556 Mosq.
1244 2505 1283 2544 in
1305 2502 1493 2543 Matthaei
1514 2501 1639 2541 Leett.

101 2576 333 2628 Mosquens.
365 2576 408 2616 V.
442 2577 490 2618 11.
522 2590 558 2630 p.
589 2578 658 2618 82.
691 2581 730 2616 et
763 2576 920 2616 Zonara
953 2577 1176 2616 Tittmanni.
1236 2575 1285 2615 Et
1314 2572 1558 2615 Callimacho
1588 2583 1640 2611 ne

102 2648 298 2687 tribuatur
326 2659 483 2699 versuS,
514 2648 578 2701 qui
611 2649 716 2700 apud
744 2650 1031 2702 grammaticos
1063 2650 1163 2688 istos
1193 2649 1280 2688 sine
1309 2647 1470 2686 nomine
1502 2645 1640 2694 fertur,

102 2731 183 2759 non
213 2720 446 2761 dissuadeo.
506 2721 636 2773 Digna
667 2721 913 2761 Callimacho
945 2720 1140 2760 vocabula
1173 2715 1415 2772 Πελαργός,
1447 2718 1496 2758 311
1530 2717 1638 2771 quod

100 2791 371 2833 Blomfieldius
401 2794 679 2847 Fragmentum
713 2793 987 2833 CCLXXXHI.
1025 2795 1153 2844 Τυρσ.
1185 2793 1385 2844 τείχισμα
1418 2793 1639 2842 Πελαργι-

107 2862 192 2915 κόν,
227 2871 454 2919 comparat3
490 2863 828 2919 α’μορβειῖεσκεν,
860 2864 967 2918 quod
1007 2876 1126 2917 supra
1160 2864 1253 2916 Cap.
1286 2863 1332 2903 ll.
1362 2875 1399 2916 p.
1430 2862 1497 2903 60.
1523 2862 1638 2905 ‚atti-2
