1856 3126
788 143 1093 182 -249—

173 263 329 303 ἐκεῖνον
359 253 683 299 ἅποπνειῗσαιτα
723 259 940 310 πυθοίμην
971 258 1153 310 potuisse
1191 266 1342 308 graece
1374 265 1424 294 co
1464 264 1586 302 sensu
1616 251 1711 302 dici,

173 345 252 385 quo
286 331 446 371 volebat
474 328 667 378 Eldikius‚
700 331 862 368 omnino
893 329 1102 368 concedo:
1132 328 1204 367 sed
1238 327 1384 367 dictum
1418 337 1509 366 esse
1543 330 1711 365 contra-

173 406 272 446 riam
306 405 346 443 in
376 401 615 443 sententiam
645 400 759 440 locus
789 401 939 440 evincit
957 392 1165 453 Aeschyli.
1197 413 1248 440 ex
1271 411 1349 452 quo
1376 399 1597 438 derivatum
1618 409 1710 437 esse

173 475 253 515 hoc
309 472 618 514 Callimacheum
668 472 947 512 animadvertit
994 472 1254 512 Scholiastes.
1373 471 1481 510 Haec
1522 472 1556 510 si
1599 473 1711 510 recte

173 546 390 598 disputavi:
422 544 619 596 disputavi
663 549 793 584 autem
827 544 1016 584 nonnulla
1061 544 1178 583 aliter
1219 556 1334 596 quam
1367 543 1617 582 Hermannus
1660 540 1711 580 ad

173 619 361 671 Vigerum
393 629 429 669 p.
462 617 556 657 918.
587 617 708 669 igitur
745 629 822 669 ego
855 618 888 656 si
918 622 1030 656 recte
1062 617 1216 666 omnia,
1246 617 1348 656 alius
1380 616 1597 668 quispiam,
1629 613 1709 653 alio

173 691 211 730 in
242 691 442 737 carmine,
476 693 648 741 utputo,
682 688 809 728 dixit:
852 691 1079 740 τεθναίην,
1111 684 1168 727 ὅτ’
1201 690 1354 726 ἐκεῖνον
1383 686 1711 728 α’ποπιέύσαντα

173 763 401 814 πυθοίμην.
430 773 510 800 non
543 760 704 800 Hecale.
764 761 848 800 Nisi
880 760 967 811 quis
1009 760 1164 798 ἐκεῖνον
1202 763 1353 798 taurum
1396 758 1474 798 dici
1503 756 1712 797 Maratho-

176 835 285 874 nium
328 834 557 884 existimet,
601 832 705 884 quod
750 843 886 883 parum
931 830 1152 882 probabile.
1213 830 1560 875 α’ποπνεύσαντας
1605 829 1711 867 idem

178 905 445 945 Callimachus
486 905 524 944 h.
571 905 608 943 in
652 902 736 943 Del.
784 905 874 944 156.
923 904 990 944 ubi
1031 902 1292 954 Spanhemius
1336 901 1550 954 fragmenti
1596 899 1712 939 huius

174 979 302 1018 nostri
333 977 570 1017 recordatus
602 982 678 1016 est.

286 1050 339 1090 At
368 1050 506 1102 Toupii
534 1049 729 1088 Ememld.
762 1050 801 1089 in
832 1048 939 1089 Suid.
973 1048 1011 1087 P.
1038 1046 1100 1086 Ill.
1133 1046 1220 1086 Vol.
1253 1045 1298 1084 ll.
1331 1057 1368 1096 p.
1397 1043 1488 1083 291.
1520 1047 1559 1082 et
1588 1042 1627 1082 P.
1660 1041 1708 1082 V.

174 1122 262 1162 Vol.
291 1122 354 1162 111.
385 1135 420 1174 p.
454 1123 544 1161 181.
574 1134 632 1174 sq.
679 1121 742 1170 (Τ.
775 1121 803 1161 1.
847 1133 881 1172 p.
913 1120 1006 1160 507.
1040 1119 1082 1158 T.
1119 1119 1165 1158 11.
1207 1130 1245 1170 p.
1278 1117 1372 1159 287.
1415 1116 1477 1155 ed.
1509 1115 1638 1167 Lips.)
1673 1118 1713 1154 et

174 1194 402 1235 Ruhnkenii
433 1195 572 1247 Epistt.
596 1194 722 1233 Tiltm.
755 1206 791 1245 p.
827 1194 890 1232 21.
923 1192 1131 1245 egregium
1163 1191 1367 1230 inventum
1397 1192 1471 1238 est,
1505 1189 1568 1239 qui
1590 1186 1715 1226 Calli-

175 1266 306 1306 machi
335 1279 451 1316 csse,
486 1271 604 1305 etex
643 1265 792 1305 Hecale
834 1265 1084 1317 desumptum
1129 1262 1366 1302 intellexere
1408 1272 1568 1300 versum
1611 1258 1714 1312 apud

173 1339 335 1379 Suldam
369 1351 404 1378 V.
429 1333 560 1377 ‘'Yooe:

398 1408 572 1462 Αἱθρην
602 1408 674 1461 τήν
705 1404 897 1448 εὔτεκνον
930 1405 991 1447 ἐπ’
1024 1408 1258 1462 α’γρομένῃς
1290 1404 1471 1455 ὖὸέοιμι.

176 1482 333 1534 Fragm.
366 1481 506 1522 Blomf.
539 1480 858 1520 CCCCLXXVll.
919 1481 993 1532 τήν
1036 1493 1058 1519 e
1103 1479 1360 1519 correctione
1397 1477 1565 1529 Touph,
1597 1487 1715 1529 quam

179 1553 418 1593 confirmant
448 1553 537 1592 libri
557 1553 789 1593 Gaissordii.
820 1552 941 1605 vulgo
972 1568 1016 1592 τε
1047 1557 1143 1593 erat.
1202 1551 1282 1590 lam
1306 1550 1384 1590 hoc
1416 1549 1575 1601 quidem
1596 1551 1715 1589 etiam

174 1625 263 1665 sine
289 1625 402 1665 libris
433 1630 555 1665 tutum
585 1629 683 1664 erat.
741 1625 895 1665 Novum
928 1629 1013 1676 est,
1046 1625 1151 1676 quod
1185 1636 1291 1663 nunc
1327 1622 1557 1663 Gaissordio
1589 1633 1714 1673 prae-

175 1701 297 1736 eunte
326 1710 348 1737 e
379 1698 491 1737 libris
539 1698 727 1749 scriptis,
759 1698 797 1737 in
828 1698 970 1750 quibus
1002 1696 1337 1748 ἐπαγρομένηις,
1369 1694 1432 1735 ἐπ’
1464 1693 1714 1746 α’γρομὲνης,

176 1769 351 1809 edimus:
377 1771 439 1810 ἐπ’
471 1768 716 1824 α’γρομένῃς.
749 1773 888 1809 antea:
920 1769 982 1807 ἐπ’
1005 1763 1270 1820 α’γρομένοις.
1333 1763 1515 1817 Εἷῖρεσιν
1543 1789 1599 1794 —
1629 1780 1715 1818 μη-

174 1841 275 1892 τέρα
307 1838 381 1893 τήν
412 1835 604 1880 εὔτεκνον
653 1853 704 1880 ex
749 1841 1035 1892 epigrammate
1079 1838 1180 1890 apud
1222 1837 1550 1890 llagcnbuchium
1592 1837 1716 1888 Epist.

176 1911 391 1965 Epigraph.
433 1924 469 1964 p.
507 1913 570 1952 18.
613 1917 652 1952 et
699 1914 764 1951 29.
812 1912 1007 1959 (Fabrett.
1041 1923 1078 1962 p.
1123 1910 1218 1950 465.
1269 1922 1309 1948 n.
1346 1909 1459 1957 100.)
1508 1909 1717 1948 annotavit

177 1985 366 2036 'l'oupius‚
401 1984 459 2024 Cf.
491 1985 524 2024 si
547 1984 692 2036 placet,
725 1982 797 2023 τὸν
823 1978 1018 2023 εὔτεκνον
1038 2008 1089 2014 -
1120 1982 1251 2032 δόμον
1283 1980 1433 2021 Callim.
1453 1981 1588 2033 Epigr.
1608 1980 1714 2020 XXI.

178 2054 218 2097 6.
254 2061 294 2096 et
323 2055 481 2095 Jacobs.
516 2057 554 2094 in
591 2054 710 2095 Anth.
741 2054 817 2094 Pal.
850 2053 938 2094 Not.
972 2054 1058 2094 crit.
1090 2065 1126 2105 p.
1160 2051 1255 2092 345.
1313 2052 1398 2091 Etsi
1436 2063 1529 2103 pars
1572 2051 1714 2091 horum

178 2139 251 2177 ca,
280 2127 347 2167 ubi
375 2127 589 2179 fecundum
619 2127 821 2180 significat
853 2118 1057 2176 εὔτεκνος,
1088 2123 1219 2163 differt
1251 2124 1300 2163 ab
1329 2123 1507 2163 Aethrae
1535 2124 1713 2176 epitheto

177 2194 386 2250 εὔτεκνος,
411 2199 518 2251 quod
539 2198 869 2251 α’ριστοτόκειαν.
943 2197 1132 2236 Eiusdem
1157 2195 1389 2236 Callimachi
1411 2207 1502 2235 esse
1533 2195 1715 2243 alterum,

180 2273 286 2325 quod
317 2273 371 2312 ibi
403 2272 546 2313 Suidas
574 2271 741 2323 profert,
776 2271 1055 2323 fragmentum,
1085 2265 1201 2308 ἱὲὸέιν
1222 2265 1344 2317 ἔοικε,
1378 2267 1634 2306 observatum
1655 2272 1717 2307 est

180 2344 229 2383 ad
262 2344 433 2384 Choeril.
472 2356 508 2396 p.
543 2344 633 2384 183.
676 2348 713 2382 et
747 2354 852 2381 nunc
888 2353 1029 2381 versus
1062 2340 1154 2387 ille,
1188 2334 1307 2379 {lam
1335 2337 1438 2378 ἔοικε
1478 2334 1552 2390 τὴν
1587 2339 1718 2391 φερέ-

181 2415 287 2464 ζωον
315 2410 441 2467 κόρην
473 2416 590 2455 etiam
624 2415 663 2454 in
694 2413 976 2466 Etymologico
1009 2412 1108 2452 Gud.
1141 2423 1177 2463 p.
1201 2411 1297 2461 539,
1329 2410 1394 2450 59.
1427 2413 1591 2461 prostat.
1651 2408 1712 2450 Cf.

182 2486 232 2526 de
262 2486 467 2540 Ειῖκολιίιῃ
501 2485 737 2537 disputanda
768 2486 807 2524 in
841 2485 934 2536 Cap.
957 2484 1005 2524 X.
1080 2483 1291 2522 Praeterea
1324 2479 1533 2531 ὑὸέιόλιιεν,
1566 2479 1717 2519 ὐδέον-

179 2573 260 2606 ται,
294 2555 483 2607 iamim,
511 2556 661 2597 ὑὸεὖσι
696 2558 882 2596 dixerunt
910 2553 1175 2595 Callimachus
1196 2553 1232 2591 h.
1257 2553 1338 2591 Iov.
1359 2551 1423 2591 76.
1456 2552 1603 2591 Aratus
1621 2551 1716 2591 257.

178 2629 416 2681 Apollonius
448 2628 491 2667 ll.
523 2629 616 2667 5¹28.
646 2628 706 2666 Ν.
738 2626 832 2666 264.
879 2625 1083 2666 Nicander
1113 2622 1295 2674 Alexiph.
1327 2619 1396 2660 47.
1430 2622 1528 2660 525.
1620 2619 1714 2662 Αἴ-

179 2703 288 2754 θρην
319 2699 394 2753 τήν
433 2695 623 2739 εὔτεκνον
656 2700 717 2738 ἐπ’
749 2700 981 2752 ᾰγρο,ιιένῃς
1021 2695 1208 2744 {drotum
1251 2695 1375 2733 verba
1404 2692 1597 2742 HecaleS‚
1628 2694 1717 2732 sor-

182 2777 289 2823 tasse
319 2785 370 2811 ex
401 2785 448 2812 ea
481 2773 677 2817 oratione,
709 2783 786 2822 qua
814 2774 906 2808 vota
932 2768 1106 2807 faciebat
1128 2767 1225 2816 lovi,
1255 2759 1361 2804 vele
1391 2765 1483 2805 loco
1515 2765 1712 2816 proximo.

181 2844 310 2886 Possit
346 2846 465 2885 etiam
499 2843 646 2883 dictum
678 2846 890 2895 praesente
933 2841 1090 2879 Theseo
1123 2839 1264 2879 videri.
1337 2838 1535 2890 Praecipit
1576 2838 1710 2877 animo
