1856 3126
765 125 1035 160 -91-

154 240 331 293 οὐρανὸς
376 239 528 292 ἱλήκοι,
569 237 701 292 ἱλήκοι
741 241 811 279 σέο
842 242 985 290 βιξέῖλος
1015 243 1088 278 etc.
1130 238 1192 278 vel
1238 249 1324 277 cum
1370 236 1434 276 illa
1481 235 1664 277 adamata

155 314 297 353 Nonne
327 309 580 362 apostrophe,
611 307 790 363 ἱλήκοις,
820 309 971 351 Ἰόλαεε
1004 311 1152 350 1V.50.
1184 309 1364 351 V111.73›.
1387 307 1665 349 X.314.le.

151 385 248 425 325.
294 384 413 424 XXV.
436 384 528 422 211.
550 384 642 422 254.
686 382 826 422 XXIX.
861 384 948 422 115.
981 382 1070 422 135.
1112 382 1235 422 XXX.
1266 382 1358 422 287.
1409 380 1541 424 XLVI.
1572 380 1665 421 297.

152 454 318 495 XLVIII.
340 454 434 495 361.
491 454 584 493 Tam
624 454 766 506 cupide
808 455 1081 507 frequentatae
1126 454 1310 494 dletionis
1351 455 1548 505 insignem
1593 452 1669 492 ali-

155 538 270 580 quem
300 531 502 567 auctorem
534 527 675 566 Nonuo
716 528 838 567 luisse
871 528 1032 566 dixeris.
1105 527 1200 566 Eum
1240 526 1491 578 Apollonium
1533 526 1670 576 fuisse,

153 602 264 640 cuius
295 599 482 640 Coluthus
510 600 678 652 vestigia
717 600 854 652 legere
884 599 1095 640 videbatur
1125 600 1327 651 Lennepio
1346 631 1356 649 ‚
1389 600 1484 639 nihil
1511 600 1665 640 suadet.

154 673 296 721 Quidni
328 670 589 711 Callimachus
620 672 768 711 suerit?
825 671 904 712 Sed
934 677 1062 711 tamen
1096 673 1245 711 certior
1274 684 1339 711 res
1370 672 1418 710 de
1440 673 1564 711 Arato
1595 676 1669 720 est,

153 745 255 797 apud
291 757 405 797 quem
449 745 508 784 sic
536 738 735 797 ’Ἀρτεμις
782 742 939 797 ἱλήκοι,
986 744 1130 785 Phaen.
1163 744 1257 784 637.
1325 744 1479 784 Addam
1525 745 1669 784 eodem

151 817 273 857 modo
302 823 527 870 usurpatum
555 817 697 857 Nonno
727 818 845 858 ἵλαθι
878 817 1028 872 δάφνη,
1059 816 1177 858 ἵλαθι
1199 815 1328 870 Λητώ
1356 822 1396 856 et
1423 817 1588 856 similia:
1622 817 1668 856 11.

159 890 247 930 157.
286 891 375 930 161.
408 889 471 929 ΙΙΙ.
498 891 587 931 104.
620 890 884 930 XLV11.329.
926 891 986 931 lV.
1010 892 1101 931 245.
1131 891 1213 930 XII.
1238 892 1330 934 210.
1362 889 1462 930 XVI.
1490 890 1555 929 45.
1577 889 1670 929 221.

153 964 271 1004 flurs
308 966 469 1014 ι’Ήοῖραι
503 963 625 1003 XXX.
647 964 740 1003 (213.
787 965 902 1004 ἵλατε
933 964 1069 1017 Θῆβαι
1103 964 1232 1003 XLIV.
1260 964 1350 1003 173.
1410 962 1458 1002 Et
1490 961 1550 1001 his
1581 961 1672 1013 qui-

156 1035 244 1075 dem
277 1038 374 1075 satis
408 1035 587 1076 similiter
617 1038 760 1077 dictum
792 1041 879 1087 est,
910 1042 950 1077 ut
988 1038 1064 1077 hoc
1109 1038 1360 1077 observatum
1407 1047 1497 1075 esse
1529 1035 1672 1075 Nonno

158 1107 378 1156 coniicias,
411 1108 514 1159 quod
547 1108 665 1148 habet
693 1108 926 1160 Apollonius
955 1108 1015 1147 tv,
1039 1107 1133 1147 984.
1165 1108 1277 1147 ΐλατε
1310 1108 1502 1148 ῘΙΙοῦσαι.
1559 1107 1673 1146 Ean-

158 1178 246 1218 dem
279 1179 423 1218 dictum
458 1181 495 1220 in
524 1183 757 1221 sententiam
783 1182 843 1221 lv,
872 1176 1182 1232 187321915511,
1213 1179 1270 1234 μή
1306 1181 1481 1234 νεμέσα,
1509 1180 1674 1221 Nonnus

159 1262 211 1289 ex
240 1250 417 1288 carmine
443 1250 681 1292 Theocriteo
712 1252 866 1292 XXVII.
890 1252 955 1292 62.
990 1253 1212 1304 assumpsit.

267 1321 326 1361 De
357 1323 480 1373 prima
513 1323 719 1376 lanugine,
750 1324 902 1378 ιὀὐλῳ,
935 1324 998 1363 vel
1026 1322 1205 1374 ἰούλοις,
1249 1327 1339 1374 post
1366 1321 1672 1363 Valckenarium

157 1395 196 1433 in
230 1394 398 1435 Theocr.
429 1395 628 1436 Adoniaz.
665 1410 702 1436 v.
736 1398 824 1437 130.
866 1397 1008 1437 multos
1041 1398 1276 1449 scriptorum
1314 1395 1427 1434 locos
1470 1393 1675 1445 congessit

157 1465 423 1508 Blomfieldius
452 1468 580 1510 Gloss.
611 1470 759 1510 Aesch.
794 1471 914 1510 Theb.
945 1470 1037 1511 530.
1095 1469 1198 1510 Add.
1223 1467 1435 1509 Dorvillius
1465 1467 1502 1505 in
1526 1466 1672 1505 Charit.

159 1539 188 1578 Ι.
211 1540 246 1579 2.
279 1552 314 1591 p.
338 1540 430 1581 216.
452 1541 555 1594 Lips.
615 1542 696 1582 Nos
727 1543 764 1582 in
798 1543 846 1582 iis
879 1543 1155 1590 consistemus‚
1187 1553 1288 1593 quae
1319 1540 1367 1580 ad
1392 1538 1673 1579 Callimachum

160 1612 357 1652 accedunt
385 1614 559 1666 propius,
616 1615 676 1655 Ac
710 1616 873 1667 primum
903 1618 1029 1656 λεπτ
1047 1612 1066 1654 ὁ
1084 1629 1102 1661 ς
1132 1612 1270 1661 ἴουλος
1296 1614 1436 1665 scripsi
1458 1611 1674 1652 Bentleium

158 1689 360 1736 sequutus,
393 1686 517 1738 alios,
551 1688 776 1741 Etymologi
810 1690 1068 1738 auctoritate,
1099 1693 1158 1738 et,
1189 1699 1304 1739 quem
1335 1683 1564 1726 Gerhardus
1597 1682 1674 1722 ad-

158 1756 292 1807 hibuit,
321 1759 507 1800 Favorini
538 1761 575 1799 in
606 1761 739 1800 Hortis
757 1761 887 1800 Adon.
908 1773 946 1812 p.
971 1760 1034 1799 23.
1055 1760 1102 1799 A.
1133 1758 1338 1808 (Favorini
1361 1757 1498 1809 Eclog.
1519 1768 1556 1808 p.
1581 1755 1671 1794 123.

159 1829 223 1868 ed.
257 1831 395 1881 Dind.)
467 1832 608 1871 Verum
643 1844 718 1872 nec
750 1832 893 1873 Suidas
928 1831 1244 1872 contemnendus
1279 1835 1360 1880 est,
1393 1831 1455 1869 cui
1487 1828 1565 1867 hoc
1596 1826 1673 1866 de-

157 1901 310 1952 bemus,
346 1903 451 1955 quod
482 1904 524 1944 ἐν
547 1904 692 1960 Ἑκάλῃ
719 1905 842 1945 fuisse
873 1917 1031 1944 versum
1067 1909 1177 1944 certo
1213 1908 1383 1943 constat.
1430 1901 1533 1953 apud
1564 1911 1672 1939 euni:

157 1973 379 2027 ἐπέτρεχεν
411 1973 576 2028 ἁβρὸς
604 1974 754 2024 ἴουλος.
814 1978 928 2025 Quod
966 1978 1118 2030 recepit
1148 1976 1445 2016 Boissonadius.
1516 1972 1676 2014 Scilicet

158 2057 287 2097 aeque
318 2046 461 2087 bonum
493 2048 571 2088 hoc
600 2053 638 2088 et
666 2048 771 2089 illud.
832 2047 960 2101 ἁβρός
982 2054 1043 2089 est
1073 2049 1174 2101 apud
1195 2047 1394 2100 Orpheum
1412 2043 1673 2099 Argon.226.

157 2117 297 2166 (230.)
331 2119 388 2173 τῷ
419 2120 455 2159 δ’
484 2115 599 2160 oisnw
644 2119 750 2174 ὑπὲρ
798 2122 1012 2173 δροσεροΐο
1053 2122 1212 2174 γενείου
1255 2118 1458 2173 α’ργεννὰς
1496 2119 1676 2171 ἐρύθηνε

158 2190 367 2242 παρηΐδας
397 2190 527 2244 ἁβρὸς
559 2192 709 2241 ἴουλος.
769 2193 875 2246 quod
909 2195 1088 2247 exprimi,
1118 2195 1329 2234 manifesta
1361 2193 1592 2242 imitatione,
1625 2191 1674 2229 ab

157 2260 300 2300 Nonno
331 2261 382 2303 X.
422 2263 511 2307 179.
544 2264 641 2305 οὐδὲ
679 2262 716 2304 οἱ
746 2262 878 2319 ἁβρὸς
905 2263 1042 2313 ἴουλος
1073 2265 1367 2318 ἐρευθομένοιο
1404 2261 1563 2318 γειέιόυ
1597 2257 1677 2314 12¹2-

158 2347 231 2372 νοιι
258 2334 420 2385 χιονέης
451 2331 714 2387 ἐχαράσσετο
744 2331 874 2375 κύκλα
906 2337 1105 2389 παρειῆς,
1138 2335 1395 2375 Ruhnkenius
1429 2334 1523 2374 (ficit
1551 2333 1673 2385 Epist.

161 2416 215 2443 cr.
246 2404 290 2443 ΙΙ.
319 2416 355 2456 p.
389 2408 479 2447 230.
511 2409 604 2449 238.
663 2408 810 2448 Contra
839 2404 982 2455 λεπτός
1012 2408 1117 2447 idem
1151 2412 1211 2447 est
1237 2407 1466 2460 Asclepiadi
1496 2406 1630 2459 Epigr.
1645 2404 1673 2445 1.

161 2481 343 2531 (Anthol.
375 2479 492 2519 Palat.
524 2481 570 2520 ll.
600 2492 636 2532 p.
668 2479 786 2529 460.)
821 2481 915 2521 Νῦν
943 2480 1102 2531 αἰτεῖς,
1135 2475 1203 2519 ὅτε
1233 2476 1381 2525 λεπτὸς
1415 2475 1493 2517 ὑπὸ
1528 2473 1675 2530 κροτά-

162 2569 304 2608 φοισιν
332 2552 469 2600 ἴουλος
500 2554 631 2605 ἕρπει,
655 2553 721 2592 ubi
749 2553 954 2593 lacobsius
990 2564 1141 2593 memor
1174 2550 1403 2592 Callimachi
1430 2550 1513 2590 fuit.
1572 2548 1676 2597 Quid

159 2629 236 2664 tam
271 2636 478 2665 commune
507 2625 609 2665 inter
628 2625 818 2677 Aeschyli
846 2625 975 2665 locum
1001 2629 1039 2664 et
1060 2623 1302 2674 Callimachi,
1333 2626 1375 2662 ut
1404 2634 1454 2661 ex
1471 2620 1673 2673 Aeschylo

160 2695 414 2735 adumbratus
439 2695 567 2734 videri
599 2708 737 2735 versus
767 2696 994 2735 Callimachi
1031 2695 1198 2744 debeat,
1229 2706 1311 2734 non
1353 2694 1544 2747 percipio.
1610 2694 1674 2734 An

160 2767 267 2819 quod
289 2769 441 2820 στείχει
474 2768 509 2807 δ’
539 2767 677 2815 ὶόυλος
709 2768 809 2820 apud
838 2768 1093 2820 Aeschylum,
1125 2772 1163 2807 et
1191 2767 1387 2821 ἐπέτρεχε
1422 2768 1524 2820 apud
1554 2767 1674 2808 Calli..

161 2840 372 2882 machum?
430 2842 481 2881 At
510 2842 567 2882 sic
599 2841 712 2893 ἕρπει
749 2841 850 2894 apud
884 2840 1173 2894 Asclepiaden,
1203 2844 1240 2880 et
1271 2839 1449 2880 similiter
1481 2837 1592 2891 παρά
1626 2836 1672 2879 rc}
