1856 3126
122 233 308 284 ταῦρον,
353 230 555 269 τοῦτον
597 233 696 281 μὲν
734 233 1072 283 ἐξηγρίωσε·
1136 229 1371 284 Πασιφάην
1414 230 1461 270 δὲ
1511 229 1652 269 ἐλθεῖν

124 303 183 348 εἰς
211 301 442 349 ἐπιθυμίαν
478 298 612 340 αὐτοῦ
653 301 977 352 παρεσκεύασεν.
1010 307 1085 342 etc.
1148 301 1360 341 Continuat
1404 301 1483 341 hoc
1524 313 1651 354 argu-

123 377 314 420 mentum,
344 372 392 410 (le
420 371 642 425 Androgeo
661 404 671 421 ,
704 384 817 424 quem
852 373 1042 424 Aegeus,
1075 377 1115 412 ut
1146 373 1424 422 occideretur,
1464 373 1536 413 ἐπί
1577 369 1651 412 τὸν

125 443 423 496 ῙΙΊαραθώιίον
454 441 615 494 ἔπεμψε
636 444 805 495 ταῦρον,
835 443 884 481 de
915 443 1033 491 bollo,
1067 442 1172 494 quod
1203 443 1348 492 MinOS,
1372 447 1653 484 θαλασσο-

123 515 356 567 κρατῶν,
385 515 554 554 Athenis
586 515 725 564 intulit,
758 528 805 554 ac
836 515 1024 567 Megaris,
1061 514 1190 565 deque
1222 516 1332 566 pacis
1363 516 1511 554 acerba
1544 526 1651 554 con-

124 586 272 626 ditione
303 586 379 634 illa,
409 586 680 638 Apollodorus
716 587 778 625 lll.
816 588 876 633 15,
907 586 944 625 7.
966 588 1004 625 8.
1031 586 1069 625 9.
1130 586 1241 632 Quae
1275 585 1377 624 idem
1411 587 1460 626 de
1490 591 1652 639 postre-

122 659 195 697 mis
228 658 329 697 tauri
358 657 594 697 Marathonii
627 659 716 697 satis
745 658 929 705 habebat,
968 670 1040 709 qua
1076 658 1113 695 in
1145 658 1365 695 occasione
1398 658 1500 698 haud
1534 658 1652 698 dubie

122 731 239 770 etiam
275 730 443 769 Hecales
477 731 716 770 mentionem
746 731 914 781 fecerat,
949 742 995 769 ca
1029 729 1329 769 interciderunt.
1391 730 1560 769 Diodori
1585 730 1652 770 lo-

123 813 210 841 cum
244 802 305 841 lV.
337 802 402 841 59.
436 807 536 842 extr.
570 803 683 854 posui
720 803 812 854 Cap.
843 802 907 841 lX.
938 814 973 854 p.
1006 802 1069 841 90.
1116 801 1174 841 Cf.
1214 800 1317 839 idem
1352 800 1412 839 lV.
1451 800 1511 840 13.
1548 805 1649 840 extr.

122 873 320 913 Isocrates
350 874 512 913 Encom.
546 874 630 913 Hel.
663 886 700 926 p.
737 874 844 923 236,
878 876 942 913 25.
976 873 1024 912 ed
1071 872 1238 912 Bekker.
1271 872 1344 911 καί
1373 868 1441 912 τόν
1472 886 1513 911 τε
1546 871 1654 911 ταῦ-

122 958 195 997 ρον
228 943 319 984 τὸν
350 946 617 986 α’νεθέντα
645 947 741 997 μὲν
778 943 875 984 ὑπὸ
913 945 1297 993 Ποσειδῶνος,
1326 942 1398 995 τήν
1431 943 1477 982 δὲ
1505 940 1654 993 χώραν

121 1015 441 1067 λυμαινόμενον,
477 1013 523 1058 ὃν
543 1017 691 1065 πάντες
721 1019 794 1056 οὐκ
813 1014 998 1067 ἐτόλμων
1020 1014 1256 1066 ὑπομένειν,
1284 1014 1413 1064 μόνος
1431 1014 1653 1063 (Theseus)

122 1084 433 1138 χειρωσάμενος
476 1093 551 1127 etc.
617 1088 798 1139 Denique
841 1087 1005 1126 Tzetzes
1051 1085 1148 1125 Chil.
1181 1085 1240 1134 11,
1271 1084 1336 1124 36.
1371 1097 1406 1123 v.
1442 1084 1535 1123 293.
1564 1094 1652 1136 sqq.

121 1159 211 1199 coll.
243 1159 341 1199 Chil.
375 1162 408 1199 1.
441 1160 529 1200 hist.
564 1160 625 1200 19.

223 1231 265 1270 In
298 1232 360 1271 his
390 1244 467 1271 una
500 1232 673 1271 tenenda
693 1235 764 1280 est,
795 1241 844 1268 ne
875 1230 938 1270 cui
969 1229 1097 1269 fraudi
1125 1230 1174 1269 sit
1197 1230 1339 1269 iterata
1360 1226 1503 1267 Minois
1532 1239 1652 1266 men-

120 1302 190 1351 tio,
221 1302 455 1342 observatio
488 1301 805 1353 chronologica,
838 1301 915 1339 iam
946 1303 1182 1350 praeparata
1215 1299 1278 1338 illa
1312 1303 1430 1350 atque
1462 1299 1652 1339 inchoata

119 1385 140 1412 a
172 1374 302 1422 nobis,
333 1387 439 1414 nunc
473 1374 601 1426 paullo
634 1371 873 1425 explicanda
904 1372 1079 1410 uberius.
1139 1369 1235 1409 lllud
1266 1370 1384 1419 dico,
1416 1371 1522 1422 quod
1552 1372 1654 1411 Pro-

122 1442 197 1497 leg.
235 1455 272 1496 p.
304 1445 369 1484 92.
403 1447 625 1496 iterumque
654 1456 691 1496 p.
724 1443 789 1482 27.
820 1442 1069 1495 significavi,
1102 1441 1273 1481 alienum
1303 1442 1352 1481 ab
1372 1442 1521 1482 Hecale
1549 1455 1653 1494 poe-

122 1522 223 1556 mate
258 1518 521 1558 Minotaurum
558 1530 663 1557 esse.
731 1518 837 1557 Sane
869 1517 1052 1569 equidem
1086 1527 1167 1555 non
1200 1515 1277 1555 hoc
1309 1517 1347 1556 in
1380 1530 1443 1557 me
1484 1519 1652 1570 recipio,

123 1592 164 1627 ut
195 1589 496 1643 chronologiam
527 1590 699 1630 scribam
722 1590 879 1639 Thesei,
912 1594 951 1628 et
977 1590 1103 1629 cuivis
1124 1589 1294 1628 facinori
1314 1588 1457 1628 Thesei
1477 1595 1519 1629 ut
1539 1602 1653 1630 suum

123 1665 274 1713 tempus
304 1663 520 1715 assignem.
587 1662 666 1704 Sed
711 1667 843 1702 tamen
888 1662 1075 1702 nonnulla
1122 1662 1173 1700 ita
1218 1660 1402 1700 videntur
1446 1668 1653 1713 poetarum

123 1733 582 1786 mythographoriunque
617 1745 818 1773 consensu
859 1733 1029 1773 stabilita
1076 1732 1306 1784 indicioque
1352 1733 1654 1785 circumscripta

121 1807 310 1857 temporis
344 1806 482 1855 fuisse,
513 1811 553 1845 ut
586 1806 867 1846 Callimachum
896 1806 1120 1846 recessisse
1150 1818 1172 1844 a
1205 1806 1436 1844 narratione
1468 1806 1652 1845 omnibus

123 1879 342 1928 communi,
374 1883 413 1917 et
443 1890 543 1930 quae
570 1878 647 1917 iam
680 1878 911 1917 historicam
943 1878 1110 1917 haberet
1137 1877 1253 1917 fidem
1274 1908 1284 1927 ‚
1318 1877 1555 1917 incredibile
1588 1881 1652 1918 sit.

120 1950 217 1989 Sunt
244 1955 372 1990 autem
405 1950 520 2001 haec,
551 1963 653 2002 quae
684 1951 761 1990 iam
792 1950 993 1989 recensuit
1024 1949 1165 1989 ordine
1197 1950 1391 1990 Meursius
1424 1951 1462 1989 in
1493 1950 1651 1990 Theseo

122 2033 208 2072 cap.
242 2022 279 2061 5.
309 2033 395 2073 sqq.
461 2022 591 2062 Primo
623 2033 702 2061 una
733 2022 956 2061 facinorum
990 2020 1160 2072 Thesei,
1204 2036 1305 2075 quae
1340 2022 1556 2072 iuvenilia,
1588 2022 1652 2061 vel

122 2092 224 2132 adeo
255 2093 446 2145 puerilia,
481 2093 682 2146 appelleS,
716 2094 869 2143 series,
901 2093 1100 2132 communi
1129 2095 1303 2145 quodam
1345 2094 1505 2134 vinculo
1548 2094 1652 2133 inter

121 2176 165 2204 se
195 2165 509 2206 cohaerentium.
569 2167 605 2206 A
641 2167 782 2217 quibus
812 2169 1021 2217 separatus
1061 2166 1283 2217 proximum
1328 2167 1460 2207 locum
1500 2166 1654 2206 obtinet

121 2238 355 2277 coniunctus
397 2251 483 2279 cum
525 2237 657 2277 fabula
702 2237 870 2277 Hecales
918 2242 1054 2277 taurus
1100 2237 1387 2279 Marathonius.
1469 2239 1651 2289 Denique

122 2308 227 2347 hunc
267 2310 412 2361 excipit
450 2310 652 2362 expeditio
695 2309 734 2348 in
781 2309 936 2348 Cretam
978 2308 1121 2348 Thesei
1166 2311 1374 2362 victusque
1410 2311 1458 2349 ab
1491 2310 1649 2348 Theseo

121 2381 377 2420 Minotaurus.
448 2381 515 2421 Sic
553 2381 654 2421 haec
686 2393 764 2421 uno
801 2392 872 2420 ore
904 2380 1135 2420 Plutarchus
1166 2382 1204 2421 in
1233 2381 1417 2430 Theseo,
1446 2380 1649 2421 Diodorus

120 2453 277 2493 Siculus
311 2453 372 2492 IV.
403 2454 468 2492 59.
494 2458 532 2492 et
561 2453 627 2493 60.
661 2453 743 2492 init.
778 2454 964 2505 itemque,
998 2458 1039 2492 ut
1067 2453 1236 2493 credere
1265 2466 1336 2505 par
1365 2457 1449 2502 est,
1478 2452 1651 2504 Apollo-

122 2524 255 2564 dorus.
315 2525 521 2575 Iuvenilia,
551 2525 614 2564 vel
642 2526 765 2576 prima
797 2526 951 2564 virtutis
986 2524 1230 2576 specimina,
1261 2523 1362 2562 haec
1396 2513 1518 2572 sunt,¹
1543 2534 1648 2573 quae

120 2596 299 2636 Theseus
328 2597 494 2648 primum
529 2596 796 2647 adolescens,
839 2598 965 2649 primo
1006 2597 1150 2635 itinere
1192 2606 1293 2643 suo,
1329 2583 1433 2646 quo,
1475 2594 1649 2634 inventis

121 2668 268 2707 calceis
300 2669 423 2719 patris
448 2667 679 2720 gladioque,
707 2667 913 2706 Troezene
948 2666 1209 2718 proficiscens
1239 2664 1434 2713 Athenas,
1460 2676 1534 2717 per
1556 2666 1648 2704 viae

121 2741 400 2792 occasionem,
436 2740 527 2780 dum
557 2752 607 2779 ex
637 2737 831 2791 Argolide
862 2750 933 2789 per
973 2737 1159 2777 Isthmum
1198 2737 1237 2777 in
1265 2737 1438 2776 Atticam
1471 2737 1546 2776 iter
1584 2737 1650 2775 in-

120 2812 320 2862 tenditur,
353 2811 616 2863 perpetravit,
650 2810 830 2850 Herculis
861 2811 986 2850 instar
1017 2814 1162 2850 terram
1194 2822 1216 2849 a
1257 2810 1445 2850 monstris
1478 2810 1649 2850 sceleri-
