1856 3126
862 99 1137 138 ...38—

239 229 285 259 so
314 217 393 257 viel
423 216 482 255 als
512 215 578 255 ein
608 226 719 254 meer
750 216 868 268 singt.
925 217 1059 257 Simile
1087 217 1189 270 apud
1209 216 1462 270 Apollonium
1481 216 1544 256 III.
1564 217 1657 258 932.
1680 222 1756 271 est,

236 290 310 332 Sed
338 290 405 329 ubi
437 287 530 328 οὐδ’
557 287 700 327 ῑιείῐᾶῑθ
742 286 908 328 dicitur:
950 285 1118 342 ἀκλειὴς
1149 286 1221 329 ὅδε
1260 285 1438 340 μάντις.
1471 285 1517 336 ὃς
1555 289 1649 330 οὐδ’
1676 286 1758 331 ὅσα

235 361 384 407 παῖδες
411 356 554 400 ἴσασιν
584 354 672 399 οἶδε
714 362 791 399 etc.
851 359 926 399 οὐκ
958 360 998 400 in
1035 372 1155 400 versu
1189 359 1443 409 Callimachi,
1485 366 1644 413 praeter
1685 374 1759 403 eos

237 443 337 484 quos
371 431 466 481 dixi,
497 429 671 481 exhibet,
699 431 773 471 sed
803 444 853 472 ex
879 434 1071 473 memoria
1101 432 1207 473 haud
1236 432 1369 484 dubie,
1399 433 1581 475 laudatus
1609 436 1758 477 Sante-

235 505 303 544 nio
336 504 376 543 in
406 516 477 544 sua
504 503 646 556 Hymni
673 503 713 544 in
733 505 956 557 Apollinem
985 505 1161 545 editione
1179 504 1359 558 Scaliger
1379 505 1429 546 ad
1449 506 1586 547 Catuli.
1607 519 1644 560 p.
1663 509 1754 549 112.

236 581 277 617 et
309 577 400 617 122.
913 585 916 588 '

346 649 390 688 ln
420 649 660 702 Fragmento
689 649 753 689 LII
771 651 809 688 ’ἐκ
841 649 939 689 mira
971 651 1146 689 cernitur
1175 650 1280 689 inter
1309 661 1396 700 eos,
1431 652 1496 702 qui
1527 650 1622 692 illud
1653 652 1759 692 affe-

234 726 339 774 runt,
370 722 651 774 discrepantia,
680 721 771 762 dum
794 721 1101 774 Olympiodorus
1132 722 1171 761 in
1188 721 1367 762 Meteora
1388 722 1618 764 Aristotelis
1635 736 1673 777 p.
1693 727 1757 766 12.

237 795 301 847 qui
330 799 536 847 utrumque
565 806 723 835 versum
750 794 935 846 protulit:
977 788 1103 834 αὐτοὶ
1138 795 1218 845 μὲν
1246 795 1444 850 φιλέουσ’,
1477 795 1603 836 av‘toi
1635 797 1681 836 δέ
1718 810 1760 836 τε

235 869 515 921 πεφρίκασιν,
605 863 797 917 ἑσπέριον
828 868 1068 919 φιλέουσιν,
1100 865 1427 918 ἁποστυγέουσιν
1458 864 1582 923 ἑῷον,
1625 872 1663 908 et
1694 869 1760 920 qui

236 940 515 996 posteriorem,
548 938 777 979 Eustathius
806 938 844 977 in
876 938 985 977 Iliad.
1013 938 1134 978 XXII.
1157 938 1251 979 317.
1274 941 1312 980 8.
1346 952 1382 992 p.
1408 941 1526 990 1271,
1546 940 1614 985 34.
1647 940 1759 980 Rom.

236 1014 300 1054 vel
330 1025 366 1065 p.
392 1012 510 1062 1373,
539 1011 603 1053 27.
636 1011 725 1050 Bas.
760 1010 809 1050 de
840 1010 952 1050 stella
980 1011 1178 1062 Veneris,
1205 1010 1390 1051 Lucifero
1418 1011 1641 1063 eodemque
1672 1012 1757 1051 He-

237 1097 371 1138 spero,
402 1083 525 1123 verba
553 1082 739 1133 accipere
757 1082 987 1121 Callimachi
1006 1082 1205 1132 videntur,
1235 1087 1275 1122 at
1292 1083 1458 1122 Tzetzes
1479 1083 1644 1124 Chiliad.
1662 1083 1759 1124 VIII.

235 1157 334 1198 837.
365 1157 537 1208 itemque
566 1155 606 1194 in
635 1154 833 1207 Epistola,
867 1167 982 1207 quam
1016 1154 1160 1194 frustra
1201 1166 1350 1206 quaero
1385 1154 1489 1194 inter
1516 1159 1631 1194 notas
1664 1156 1760 1196 mihi

237 1231 407 1271 'l'zetzae
447 1228 661 1281 epistolas,
699 1228 772 1267 sed
810 1228 993 1268 laudatur
1020 1226 1229 1278 Bentlei0,
1274 1228 1313 1266 in
1347 1238 1436 1267 eum
1478 1226 1624 1267 dictum
1663 1227 1759 1280 hoc,

235 1299 430 1354 ἑσπέριον
462 1300 695 1355 φιλέουσιν,
728 1297 831 1353 α’τάρ
864 1301 1112 1353 στυγέουσιν
1131 1294 1246 1355 ἑῷον,
1277 1299 1408 1350 docet,
1441 1299 1507 1352 qui
1533 1299 1650 1340 fidem
1678 1311 1762 1340 non

238 1378 376 1414 servet
406 1373 447 1412 in
476 1372 661 1422 amicitia,
688 1371 761 1411 sed
787 1371 945 1412 vacillet
972 1383 1021 1411 ac
1048 1376 1183 1413 mutet.
1242 1371 1338 1412 Eam
1367 1372 1675 1425 discrepantiam
1703 1372 1760 1413 ita

240 1445 387 1486 dirimit
416 1443 642 1494 BentleIus,
672 1448 713 1484 ut
746 1455 889 1484 errare
921 1443 1065 1483 bonum
1107 1444 1241 1484 virum
1275 1443 1466 1496 Tzetz-en,
1508 1448 1547 1485 et
1590 1456 1680 1484 cum
1709 1456 1760 1484 eo

237 1519 486 1561 Hadrianum
518 1517 681 1567 Iunium,
713 1518 778 1570 qui
805 1517 900 1558 illud
924 1518 964 1557 in
991 1517 1160 1571 Adagiis
1187 1529 1224 1570 p.
1244 1517 1339 1557 352.
1371 1516 1540 1556 Tzetzae
1568 1518 1760 1557 insistens

237 1590 442 1642 vestigiis,
468 1588 508 1629 in
539 1589 791 1642 heredipetas
819 1589 946 1630 videri
973 1590 1194 1630 convenire
1224 1592 1456 1641 monuerat,
1495 1588 1621 1629 dicat:
1651 1589 1760 1641 loqui

239 1664 345 1703 enim
374 1663 654 1703 Callimachum
687 1663 735 1702 de
767 1663 883 1702 novis
912 1663 1084 1714 maritis,
1117 1661 1185 1714 qua·
1211 1660 1435 1711 Hesperum
1461 1661 1658 1713 festinare
1685 1674 1760 1701 cu-

233 1735 364 1790 ptum,
391 1734 596 1774 Auroram
622 1746 720 1774 vero
754 1735 868 1775 tarde
896 1735 1048 1774 venire.
1104 1734 1332 1774 Praeiverat
1355 1733 1434 1773 hoc
1459 1733 1637 1774 Bentlei0
1656 1734 1760 1775 Sca-

239 1808 344 1861 liger
378 1807 429 1848 ad
459 1808 598 1848 Catulli
628 1808 796 1848 Carmen
824 1813 930 1860 nupt.
960 1807 1075 1848 LXII.
1104 1806 1280 1858 (LXIII.)
1310 1808 1420 1847 cuius
1451 1807 1635 1846 carminis
1664 1819 1757 1859 pars

240 1892 384 1934 magna
418 1881 459 1920 in
488 1881 565 1920 hac
594 1881 876 1921 observatione
906 1881 1016 1932 ludit,
1048 1881 1266 1933 Hesperum
1294 1884 1447 1934 gratum
1470 1890 1619 1931 sponso
1649 1891 1756 1928 esse,

240 1954 439 2006 ingratum
469 1954 612 2006 nuptis.
671 1953 729 1993 lbi
766 1955 885 2007 igitur
923 1954 1104 2006 Scaliger
1144 1966 1180 2007 p.
1210 1953 1276 1993 65.
1316 1957 1356 1992 et
1387 1952 1626 1992 Callimacho
1662 1965 1757 1993 usus

240 2029 352 2076 erat,
386 2030 426 2065 et
455 2025 534 2065 Ciri
561 2038 600 2065 v.
632 2026 725 2066 350.
786 2025 911 2075 Quem
934 2026 1113 2078 pavidae
1145 2024 1310 2066 alternis
1343 2024 1515 2076 fuyitant
1544 2029 1757 2076 optantque

234 2097 418 2151 puellae,
449 2096 687 2150 Hesperium
715 2098 865 2149 vitant,
895 2102 1035 2149 optant
1070 2098 1284 2139 ardescere
1322 2098 1456 2138 solem.
1514 2098 1610 2148 uhi,
1648 2097 1755 2149 quod

244 2169 375 2209 obiter
404 2169 548 2209 dictum
578 2174 692 2221 esto,
731 2183 814 2210 non
847 2176 939 2223 puto
973 2172 1253 2212 emendatione
1292 2182 1390 2223 opus
1421 2182 1537 2221 esse,
1570 2182 1685 2222 quam
1715 2175 1755 2210 et

241 2242 442 2283 Bentleius
475 2243 512 2283 h.
541 2243 566 2282 l.
595 2247 634 2283 et
662 2244 713 2283 ad
743 2244 850 2284 Cirin
879 2245 1078 2296 Heinsius,
1110 2247 1295 2297 itemque,
1325 2244 1606 2284 Friesemanno
1637 2247 1754 2293 teste,

239 2313 514 2365 Schraderus,
540 2314 741 2355 fecerunt:
780 2321 921 2367 optsmt
946 2317 1161 2357 ardescere
1190 2316 1361 2356 Eoum.
1428 2315 1535 2355 Idem
1573 2315 1755 2368 Scaliger

239 2398 329 2426 cum
360 2386 600 2427 Callimacho
631 2387 767 2428 faeere
797 2389 991 2430 Senecam
1020 2389 1318 2439 observaverat,
1346 2389 1486 2428 Medea
1514 2400 1551 2427 ν.
1574 2387 1640 2427 71.
1665 2399 1751 2439 sqq.

236 2458 420 2511 Denique
449 2459 707 2501 Ruhnkenius
736 2473 877 2501 versus
909 2462 974 2513 qui
1001 2473 1107 2501 nune
1127 2466 1218 2501 sunt
1239 2461 1341 2514 apud
1359 2459 1630 2502 Weichertum
1646 2461 1752 2500 Poe-

238 2533 311 2570 tar.
341 2531 422 2571 Lat.
454 2531 580 2584 Reliq.
610 2544 647 2585 p.
671 2533 760 2573 188.
793 2533 966 2584 Cinnae,
1005 2533 1208 2573 admovet:
1258 2533 1310 2573 Te
1348 2533 1562 2574 matutinus
1597 2531 1753 2583 flentem

239 2604 450 2653 conspexit
478 2604 616 2654 Eous,
690 2604 743 2645 Et
766 2603 920 2656 flentem
949 2609 1025 2646 etc.
1082 2605 1207 2646 Recte
1238 2605 1292 2645 illi
1322 2606 1400 2645 hoc
1432 2605 1602 2657 quidem.
1657 2605 1750 2645 Mihi

239 2677 371 2713 tamen
402 2675 680 2718 Callimachum
711 2677 818 2730 quod
850 2678 1010 2728 attinet,
1044 2678 1174 2717 media
1212 2677 1406 2729 quaedam
1444 2677 1510 2715 via
1549 2675 1750 2728 probatur,

238 2757 316 2798 quo
347 2758 457 2786 suum
488 2747 774 2801 Olympiodoro
806 2749 1104 2802 Eustathioque,
1134 2752 1199 2803 qui
1232 2763 1282 2790 ex
1310 2748 1548 2789 Callimacho
1579 2749 1748 2792 eundem

240 2829 334 2859 esse
361 2819 583 2862 Luciferum
613 2827 652 2862 et
680 2822 898 2875 Hesperum
928 2823 1098 2875 docent,
1126 2828 1166 2864 et
1203 2833 1316 2864 suum
1344 2821 1536 2863 tribuatur
1566 2821 1748 2874 Tzetzae‚
