1856 3126
840 131 1116 168 „34—

223 249 383 289 scribit:
427 246 523 286 Post
549 242 703 297 ἄεισμα
735 247 846 287 addit
875 248 1058 301 διηνεκὲς
1096 261 1233 301 margo
1267 248 1428 289 codicis.
1486 248 1622 301 ltaque
1659 249 1738 291 hoc

224 323 487 374 fragmentum
522 319 753 360 certissimis
785 320 942 360 iudiciis
975 326 1014 360 et
1047 322 1343 374 intelligendum
1374 322 1423 362 de
1453 322 1600 362 Hecale
1633 335 1738 372 esse,

223 398 262 433 et
291 393 516 445 ponendum
551 392 590 431 in
625 392 793 433 exordio
822 393 991 433 Hecales
1013 395 1229 434 statuimus.
1290 395 1472 447 διηνεκές
1500 395 1736 436 vocabulum

220 465 338 515 aliud,
363 469 470 517 puto,
500 464 639 505 eadem
663 465 747 506 sere
775 467 1082 520 significatione,
1110 468 1274 507 verbum
1295 468 1536 519 excipiebat,
1569 469 1631 508 vel
1653 469 1733 509 duo

221 537 343 577 verba
360 550 371 587 ;
404 531 540 588 ἤνυσα
569 549 724 578 versum
760 539 1045 579 exordiebatur
1074 539 1250 578 alterum.
1309 539 1449 592 ἦνεκές
1477 540 1582 580 idem
1612 541 1737 581 Calli-

218 609 382 649 machus
411 610 472 649 Fr.
509 609 750 650 CXXXVIII.
790 611 838 650 de
875 616 993 651 cantu
1022 616 1232 664 perpetuo:
1272 612 1344 651 καί
1381 609 1452 651 τὸν
1491 612 1564 652 ἐπὶ
1589 610 1736 670 ῥάβδῳ

217 681 356 733 μῦθον
385 678 661 735 ὑφαινόμενον
696 683 837 734 ἦνεκὲς
877 683 1006 723 αἐι’δω
1041 684 1315 735 δειὸεγμένος.
1373 694 1510 723 rursus
1552 683 1737 738 διηνεκές

217 754 279 794 Fr.
312 753 470 794 CLVlIl.
529 753 710 807 διηνεκές
739 755 788 795 de
819 756 993 796 carmine
1014 756 1233 808 Gregorius
1257 755 1481 808 aliquoties,
1509 755 1582 796 sed
1613 767 1736 797 sensu

218 826 374 866 latiore.
433 820 587 876 ἄεισμα
617 839 696 866 non
730 827 845 872 valde
878 829 1191 881 frequentatam,
1224 829 1257 868 si
1291 833 1402 868 recte
1435 828 1616 877 memini,
1647 828 1736 868 for-

220 911 321 938 mam
355 899 565 949 vocabuli,
607 899 872 940 Callimachus
904 905 943 940 et
983 900 1046 941 hic
1087 905 1126 940 et
1161 900 1297 953 Epigr.
1327 900 1501 940 XXVIII.
1543 900 1735 949 (XXIX.)

219 971 354 1018 habet,
384 976 422 1010 ct
451 971 667 1024 Gregorius
687 972 822 1012 Theol.
841 973 975 1026 Epigr.
997 972 1036 1013 9.
1062 973 1150 1013 113.
1173 972 1266 1012 236.
1296 973 1414 1012 Anth.
1434 973 1512 1013 l’al.
1532 973 1559 1012 Ι.
1582 986 1621 1025 p.
1640 973 1735 1013 541.

218 1044 311 1084 569.
336 1044 428 1084 601.
462 1047 500 1082 et
528 1043 784 1095 Apollinaris.
845 1045 924 1096 οὐχ
955 1042 999 1084 ἓν
1025 1056 1105 1084 non
1135 1056 1184 1084 eo
1209 1044 1330 1084 modo
1362 1045 1521 1094 dictum,
1551 1046 1615 1098 qui
1643 1049 1735 1097 post

216 1115 470 1156 Homer-idam
504 1115 542 1154 h.
579 1115 700 1155 Merc.
737 1115 828 1156 284.
863 1120 903 1155 et
941 1117 1145 1169 Tragicis,
1185 1120 1227 1156 ut
1264 1116 1465 1169 Aeschylo
1497 1118 1603 1170 Sept.
1644 1116 1734 1157 103.

215 1188 400 1241 Euripide
431 1188 561 1240 Suppl.
586 1187 651 1231 94.
684 1189 990 1241 praceuntibus,
1027 1189 1269 1230 Callimacho
1309 1190 1456 1243 placuit
1484 1190 1522 1231 h.
1553 1190 1636 1231 lov.
1668 1191 1735 1231 89.

217 1261 255 1301 h.
288 1262 403 1302 Dian.
433 1261 500 1301 33.
532 1265 571 1301 et
603 1261 823 1302 Nicaeneto
855 1261 916 1301 IV.
946 1262 985 1302 3.
1026 1262 1141 1303 Anal.
1174 1263 1236 1302 Br.
1266 1263 1293 1302 Ι.
1331 1275 1366 1314 p.
1399 1261 1492 1304 417.
1524 1268 1562 1303 ct
1591 1264 1735 1305 Nonno

218 1334 341 1375 XXII.
367 1334 462 1374 379.
491 1333 667 1374 XXVIII.
688 1333 779 1374 184.
807 1334 897 1373 185.
929 1334 1008 1374 XL.
1029 1333 1095 1374 54.
1126 1339 1167 1374 ut
1195 1335 1440 1387 significetur
1464 1336 1569 1388 quod
1592 1336 1732 1375 unitati

222 1408 468 1460 oppositum,
497 1406 628 1456 multi,
668 1406 732 1446 vel
760 1406 915 1458 plures,
950 1419 1065 1459 quem
1098 1408 1136 1448 iu
1167 1409 1326 1447 modum
1359 1407 1450 1447 olim
1480 1408 1736 1448 Dioscoridis

223 1480 354 1520 locum
385 1479 519 1533 Epigr.
549 1479 690 1519 XXIX.
721 1480 836 1519 Anal.
869 1480 931 1520 ΒΓ.
968 1480 996 1520 Ι.
1026 1494 1064 1533 p.
1097 1481 1189 1522 501.
1222 1482 1273 1521 ita
1305 1481 1602 1521 conformabam
1633 1481 1737 1521 haud

216 1554 374 1605 inepte:
415 1548 519 1604 πρὸς
557 1551 594 1590 δ’
626 1548 758 1604 αὐδὴν
794 1548 1010 1604 ἑλκόμενος
1038 1550 1222 1606 μεγάλην
1252 1549 1402 1593 εὔαδεν
1430 1552 1579 1605 ἡρώων
1607 1554 1739 1601 τύπος

217 1625 314 1676 οὐχ
355 1619 453 1677 ἑνί,
494 1625 811 1675 καινοτομιηθείς
853 1625 901 1679 τῇ
944 1623 1221 1680 φιλοκινδίἶιίιι)
1266 1625 1455 1679 φροντίδι
1492 1625 1734 1666 Σωσιθέουτ

221 1695 294 1736 sed
322 1696 473 1735 mellum
510 1699 570 1734 cst
610 1694 864 1746 simpliciter,
898 1700 938 1735 ut
971 1695 1071 1748 apud
1099 1696 1350 1749 Apollonium
1386 1697 1513 1738 Rhod.
1544 1697 1606 1738 IV.
1639 1696 1736 1739 498.

220 1769 283 1809 vel
311 1769 470 1820 potius,
501 1768 606 1820 quod
640 1767 839 1819 aliquanto
872 1768 1034 1818 fortius,
1063 1781 1144 1808 non
1172 1770 1318 1820 ullum,
1351 1775 1393 1811 ut
1422 1770 1529 1810 nicht
1566 1770 1630 1809 ein
1660 1770 1738 1811 ali-

222 1846 367 1893 quanto
399 1841 562 1894 gravius
592 1845 654 1880 cst
687 1853 801 1893 quam
831 1840 933 1880 hein.
993 1841 1050 1881 Cf.
1082 1841 1187 1882 Bast.
1225 1847 1263 1883 et
1289 1842 1492 1884 Schaefer.
1533 1843 1583 1883 ad
1615 1843 1734 1897 Greg.

222 1915 263 1954 C.
291 1926 330 1966 p.
356 1913 421 1953 56.
451 1918 532 1953 not.
593 1913 762 1952 Proinde
793 1912 900 1964 illud,
931 1911 1046 1953 νόθοι
1080 1915 1114 1954 ‹5’
1148 1909 1337 1969 ἤνθησαν
1363 1915 1516 1967 αόιδαί,
1544 1915 1592 1955 ad
1618 1916 1734 1955 alium

218 1986 355 2026 nescio
386 1997 499 2038 quem
540 1985 671 2025 locum
700 1985 985 2039 relegandum,
1025 1985 1092 2025 ubi
1130 1985 1416 2038 Callimachus,
1457 1991 1558 2028 teste
1599 1987 1733 2028 Schol.

217 2058 419 2110 Aristoph.
450 2058 548 2098 Nub.
580 2058 673 2098 339.
713 2058 777 2110 qui
808 2057 886 2097 hoc
919 2058 1181 2111 fragmentum
1220 2059 1418 2108 servavit,
1462 2064 1579 2111 atque
1610 2058 1731 2100 Suida

218 2144 255 2170 v,
288 2130 499 2179 Kvu).1'wv‚
534 2129 804 2182 dithyrambos
833 2130 1007 2170 notabat.
1065 2129 1181 2171 νόθοι
1216 2135 1345 2170 autem
1377 2143 1426 2170 an
1458 2117 1599 2172 νόθαι
1629 2132 1735 2172 scri-

221 2203 391 2243 bendum
427 2203 489 2252 sit,
518 2203 689 2243 sortasse
721 2203 913 2242 decernet
942 2203 1111 2256 diligens
1135 2203 1363 2243 Callimachi
1387 2203 1527 2255 lector,
1556 2205 1734 2257 Nonnus,

220 2276 285 2328 qui
328 2275 416 2315 (lum
456 2274 598 2328 fatigat
640 2276 758 2315 multo
807 2288 880 2315 usu
918 2276 995 2315 hoc
1038 2275 1271 2316 vocabulum
1317 2276 1610 2328 significatione
1650 2289 1733 2317 non

218 2349 399 2401 propria,
428 2348 604 2387 feminini
635 2339 760 2388 forma
790 2349 936 2400 ubique
966 2348 1065 2397 hac,
1095 2348 1210 2401 νόθη,
1251 2350 1391 2399 utitur3
1423 2351 1551 2389 rarius
1581 2350 1733 2402 plurali,

218 2421 291 2461 sed
321 2425 450 2461 tamen
481 2420 702 2472 aliquoties,
730 2420 792 2459 lv,
814 2421 903 2461 167.
926 2422 1058 2462 XLVI.
1084 2423 1175 2462 208.
1236 2421 1381 2462 Contra
1402 2423 1504 2475 apud
1527 2422 1731 2464 Coluthum

219 2492 311 2532 302.
349 2493 488 2543 (295.)
522 2491 886 2546 νόθοι-γυναῖκες.
1003 2496 1097 2535 Tum
1137 2495 1243 2547 quod
1275 2496 1438 2536 alterum
1468 2496 1731 2549 fragmentum

221 2565 450 2605 Callimachi
478 2564 712 2618 Apollonius
752 2566 776 2605 l.
813 2566 835 2605 l.
875 2570 973 2619 περὶ
1005 2570 1271 2621 συνδέσμων,
1306 2568 1483 2621 profert,
1515 2568 1650 2608 Bastio
1681 2567 1732 2608 ad

219 2637 340 2690 Greg.
375 2638 416 2677 C.
448 2650 486 2689 p.
516 2638 610 2678 899.
645 2637 703 2678 sic
732 2638 944 2692 legendum
974 2640 1205 2681 videbatur:
1236 2639 1273 2681 οἱ
1304 2642 1353 2691 δ’,
1384 2641 1486 2680 ἕνεκ’
1505 2636 1732 2693 Εὐρυνόμη

224 2707 430 2762 Τιτηιίάς,
459 2709 518 2748 illi
547 2722 659 2761 vero,
689 2712 876 2762 quoniam
903 2712 1132 2765 Eurynome
1158 2713 1325 2753 Titania.
1385 2711 1545 2753 Scilicet
1572 2711 1640 2751 οιδ
1664 2711 1731 2750 in-

219 2785 400 2830 venerat,
430 2781 493 2820 vel
526 2782 706 2822 invenire
737 2784 813 2824 sibi
844 2785 954 2825 visus
987 2790 1074 2825 erat
1105 2787 1143 2825 in
1174 2785 1316 2826 codice
1342 2783 1509 2833 Bastius,
1537 2793 1617 2823 non
1641 2783 1729 2823 ovd.

218 2853 331 2893 Alius
362 2847 441 2893 οἶδ’
472 2853 745 2895 hariolabitur.
