1856 3126
841 130 1146 168 —164-

225 247 283 285 sic
315 246 538 298 fragmenta
571 257 650 285 non
682 258 830 298 pauca,
860 246 1002 299 partim
1034 246 1230 298 Hecales,
1265 247 1301 286 h.
1336 258 1370 286 c.
1402 257 1504 299 quae
1540 245 1590 285 ad
1619 245 1755 286 Heca-

222 318 284 356 lcn
315 316 466 356 diserte
499 317 678 357 referunt
710 322 832 359 testes
862 320 1026 371 antiqui,
1057 331 1138 359 non
1168 319 1287 359 facile
1317 319 1380 359 illa
1413 320 1491 359 alio
1525 319 1646 358 modo
1680 329 1754 359 re-

219 388 393 441 digenda
436 389 476 429 in
509 389 718 440 ordinem,
757 379 900 443 partim
929 395 1019 444 apta
1055 391 1108 432 ad
1145 391 1353 443 Hecalen,
1394 390 1538 431 ordino
1581 394 1753 443 aptoque

216 460 311 500 huic
341 460 524 500 carmini.

329 532 467 585 Itaque
499 532 602 573 haec
633 543 710 586 ego
742 532 897 585 appello

761 641 1201 684 ἐπεισόδια.

213 746 301 798 vel,
331 747 365 787 si
398 748 485 800 quis
515 747 647 799 malit,
690 748 876 801 quoniam
916 748 1072 801 singula
1107 747 1298 801 EpisodIa
1336 750 1533 790 communi
1577 748 1751 802 quodam

217 819 378 860 vinculo
409 821 513 860 inter
553 832 597 859 se
628 831 731 860 nexa
765 820 890 860 fuisse
920 820 1129 872 probabile
1168 825 1258 872 est,
1300 819 1483 862 ἑπεισό
1498 822 1622 860 διον.
1688 821 1749 861 De

215 892 363 932 ambitu
393 892 477 932 eius
508 892 632 944 partis
663 892 791 943 quivis
815 893 1086 933 coniecturam
1115 905 1166 932 ex
1193 904 1380 933 mensura
1403 892 1589 932 carminis
1612 891 1747 931 faciet.

213 963 366 1013 Veluti,
396 967 438 1003 ut
468 975 546 1016 ego
582 975 711 1003 meam
745 964 912 1013 faciam,
955 964 1074 1002 multa
1113 966 1238 1015 potuit
1269 964 1447 1005 Theseus
1480 968 1520 1004 et
1558 967 1748 1004 accurate

214 1034 398 1074 ducentis
436 1046 603 1074 narrare
643 1034 842 1073 versibus.
917 1034 1100 1073 Formam
1148 1035 1390 1074 narrationis
1444 1035 1552 1086 quod
1594 1036 1747 1086 attinet,

212 1106 309 1145 mihi
342 1106 565 1158 fragmenta
606 1105 794 1144 nonnulla
830 1104 907 1144 hoc
939 1109 1108 1156 sonant,
1144 1109 1186 1145 ut
1223 1106 1349 1158 ipsum
1392 1109 1620 1146 narrantem
1661 1106 1745 1146 suis

213 1179 349 1219 verbis
380 1177 576 1218 Theseum
607 1176 745 1217 audire
782 1176 877 1216 mihi
907 1177 1060 1217 videar.
1127 1178 1208 1218 Sed
1237 1183 1369 1218 tamen
1403 1189 1483 1218 non
1511 1177 1744 1231 negaverim

211 1263 330 1290 unum
361 1250 580 1290 alterumve
621 1248 768 1289 factum
800 1249 1005 1289 brevitatis
1037 1262 1179 1290 caussa
1217 1251 1342 1290 altero
1382 1254 1582 1290 narratum
1620 1249 1743 1289 modo

210 1333 317 1370 esse,
347 1326 389 1361 ut
418 1325 537 1373 poeta
570 1321 748 1361 breviter
775 1322 960 1370 referret,
991 1334 1093 1373 quae
1122 1327 1328 1362 narrasset
1357 1322 1557 1362 Theseus:
1586 1321 1652 1374 qui
1681 1324 1744 1361 est

209 1395 352 1434 modus
382 1394 422 1433 in
454 1393 599 1446 Odyss.
636 1393 779 1433 XXIII.
807 1394 901 1433 310.
934 1406 1019 1445 sqq.
1053 1394 1160 1434 alibi.
1219 1395 1395 1446 Apparet
1428 1399 1584 1445 autem,
1622 1404 1740 1446 quam

210 1465 463 1506 commodam
494 1463 746 1516 exspatiandi
783 1464 1042 1505 occasionem
1084 1469 1228 1516 poetae
1269 1465 1412 1505 fecerit
1450 1476 1593 1505 secura
1635 1463 1740 1517 apud

204 1538 403 1589 hospitam
433 1537 695 1577 commoratio
727 1535 895 1586 Thesei,
928 1541 968 1576 et
995 1548 1111 1589 quam
1143 1537 1244 1576 scite
1275 1538 1313 1576 in
1344 1536 1477 1577 medio
1513 1537 1598 1576 fere
1633 1547 1740 1588 poe-

203 1614 308 1648 mate
348 1608 538 1649 insertum
571 1608 804 1661 Episodium
847 1607 993 1659 fuerit,
1030 1613 1072 1648 ut
1112 1608 1254 1648 callide
1299 1608 1525 1648 differretur
1568 1619 1738 1660 magnus

203 1683 356 1731 exitus,
385 1693 518 1734 pugna
550 1680 823 1731 Marathonia,
866 1679 996 1732 deque
1029 1679 1154 1720 heroe
1186 1685 1227 1721 ut
1254 1680 1463 1733 praeclara
1493 1682 1738 1723 excitaretur

200 1754 463 1806 exspectatio.

309 1826 465 1865 Initium
501 1825 643 1865 saciam
678 1824 726 1864 ab
757 1835 806 1864 eo
834 1824 1098 1877 Fragmento,
1133 1835 1210 1877 quo
1239 1824 1409 1876 Hecale,
1440 1828 1482 1865 ut
1510 1824 1606 1866 mihi
1638 1825 1732 1879 qui-

202 1898 292 1939 dem
324 1897 495 1949 videtur,
525 1896 782 1949 cupiditatem
812 1895 1004 1936 audiendi
1036 1907 1146 1935 suam
1185 1896 1386 1946 declarat,
1417 1896 1580 1937 CCLXI.

1046 1966 1190 2020 μύθου
1218 1968 1264 2007 δὲ
1293 1969 1512 2023 πασαίμην

502 2035 637 2093 ἥδιον.

197 2114 272 2164 sic,
297 2112 455 2165 μύθου,
484 2118 525 2153 ut
555 2117 616 2152 est
645 2111 748 2164 apud
779 2111 1029 2152 Athenaeum
1062 2110 1089 2150 1.
1120 2122 1155 2162 p.
1191 2110 1254 2150 24.
1284 2110 1335 2150 A.
1391 2109 1549 2162 θύμου,
1582 2109 1730 2162 thymo,

197 2185 426 2225 Ruhnkenii
469 2185 723 2235 emendatIO,
767 2188 932 2235 recepta
975 2182 1079 2222 adeo
1121 2182 1170 2221 ab
1212 2180 1427 2232 Ernestio,
1469 2181 1734 2232 Blomfieldio,

195 2257 480 2309 Boissonadio,
511 2262 678 2297 metrum
707 2267 867 2308 pessum
898 2255 965 2294 dat
996 2254 1101 2294 illata
1130 2265 1300 2294 caesura
1329 2253 1549 2303 trochaica,
1580 2253 1630 2294 de
1651 2265 1731 2306 qua

197 2331 295 2371 satis
338 2330 483 2371 dictum
527 2330 620 2382 Cap.
655 2329 684 2369 Ι.
724 2341 760 2382 p.
795 2328 861 2368 32.
896 2339 956 2379 sq·
1032 2327 1172 2379 Neque
1210 2325 1332 2366 video
1373 2327 1466 2379 quid
1505 2331 1583 2367 tam
1625 2325 1730 2366 male

197 2402 345 2442 habeat
373 2404 483 2443 viros
515 2402 658 2442 doctos
690 2402 729 2441 in
758 2400 933 2440 dictione
965 2399 1065 2449 hac,
1095 2397 1242 2449 μύθου
1272 2395 1517 2450 πάσασθαι,
1545 2409 1730 2438 sermone

196 2474 355 2514 satiari.
424 2475 510 2515 Hoc
547 2476 652 2514 enim
698 2473 868 2514 consilio
908 2471 1042 2512 laudat
1074 2470 1356 2511 Callimachum
1382 2470 1644 2522 Athenaeus,
1686 2475 1730 2511 ut

203 2547 349 2588 doceat
379 2544 630 2595 πάσασθαι,
662 2558 777 2598 quum
808 2544 899 2584 alibi
931 2545 981 2584 sit
1011 2539 1352 2596 ἀπογεύσασθαι,
1387 2543 1489 2596 apud
1518 2543 1727 2584 recentio-

197 2630 265 2658 res
295 2630 386 2658 esse
416 2619 707 2672 πληρωθῆναι,
737 2615 898 2656 satiari.
956 2615 1114 2668 Siquis
1143 2620 1273 2655 tamen
1303 2616 1570 2668 pervivaoiter
1597 2613 1728 2655 resis-

198 2693 279 2739 tat,
311 2689 609 2741 contendatque
650 2686 872 2728 πάσασθαι
914 2687 1074 2741 proprie
1111 2691 1260 2727 tantum
1302 2687 1352 2727 de
1391 2698 1490 2727 vera
1530 2685 1726 2736 satietate,

196 2771 299 2814 quae
331 2760 490 2800 edendo
523 2760 704 2809 efficitur,
736 2763 848 2799 recte
882 2758 974 2809 dici,
1007 2757 1124 2798 facile
1144 2759 1222 2798 hoc
1250 2757 1438 2810 quicquid
1467 2761 1528 2797 est
1556 2755 1725 2797 duritiae

197 2833 419 2874 emollietur
467 2833 519 2872 ita
569 2833 783 2872 constituta
829 2831 1058 2882 sententia,
1102 2835 1144 2871 ut
1194 2829 1432 2882 significatio
1478 2827 1591 2870 verbi
1641 2839 1725 2870 non
