1856 3126
753 143 1062 184 —255-

132 261 316 303 manibus
340 261 511 316 aggredi
541 265 707 313 taurum,
734 245 948 315 vivumque
980 273 1142 314 capere,
1172 265 1214 302 ut
1242 262 1317 302 rite
1338 262 1451 302 lieret
1480 262 1657 304 victima.

128 333 171 373 In
205 335 364 387 Fragm.
400 333 600 374 CCXLIX.
645 333 793 374 Suidae
833 334 1143 385 explicationem
1182 332 1392 384 μειώσας,
1435 332 1661 384 κατεάξας,

128 410 239 445 recte
272 407 415 446 reiecit
441 405 724 446 Buttmannus:
761 404 800 444 id
830 406 935 444 enim
958 417 1088 456 neque
1110 417 1182 457 per
1207 417 1252 445 se
1279 405 1483 457 pulchrum
1514 407 1662 446 inven-

129 481 206 517 tum
237 489 356 527 esse,
391 477 521 529 frangi
554 489 694 524 cornu,
730 488 862 528 neque
892 476 1056 516 licuisse
1089 478 1162 526 ita,
1194 489 1311 529 quum
1331 478 1388 531 „ad
1423 478 1661 518 sacrificium

129 553 243 589 tauro
274 548 486 598 incolumi,
520 561 600 588 non
632 550 809 589 mutilato
836 560 934 601 opus
964 554 1084 588 esset.
1143 550 1373 603 Etymologi
1405 562 1502 590 vero
1535 551 1662 601 locus,

128 634 164 660 v.
196 620 348 672 Ἐρωή,
390 632 504 672 quein
549 622 822 673 perturbatum
857 632 948 660 esse
981 620 1127 659 fatetur
1160 621 1220 660 vir
1263 621 1543 673 doctissimus,
1575 622 1664 662 for-

129 697 236 732 tasse
268 693 327 732 sic
357 693 628 733 restituendus
660 696 721 732 est
749 697 866 744 atque
898 692 1167 744 supplendus:
1199 717 1252 724 -—
1283 688 1307 745 ἢ
1338 692 1418 733 sini>
1454 696 1526 746 τῆς
1558 690 1662 746 ἐρά-

126 780 258 811 σεως·
294 761 422 815 χύσις
449 761 528 818 γάρ
560 781 622 813 τις
655 766 727 804 καί
755 759 988 810 α’πόκλυσίς
1020 764 1144 802 ἐστιν.
1205 761 1254 820 [ἢ
1296 760 1377 804 οἷηὸ
1418 767 1494 805 τοῦ
1537 763 1658 820 ἔρα·]

125 831 182 882 ὥς
222 835 530 886 Καλλίμαχος,
620 832 811 887 ἐρωήσας
852 833 986 888 θηρὸς
1027 830 1148 875 ὀλοὸν
1187 837 1336 887 κέρας,
1422 835 1465 876 τὸ
1498 839 1659 892 [κέρας]

126 905 186 952 εἷς
213 904 301 959 τῆν’
321 904 422 959 ἔραν
452 906 710 959 καταγαγών.
743 919 845 959 quae
866 907 980 947 uncis
1009 908 1178 959 inclusa,
1210 907 1346 948 addidi
1375 920 1397 947 e
1428 911 1661 949 coniectura

125 989 227 1017 mea.
285 974 474 1031 ἐρωῆσαι
504 983 542 1018 et
571 976 647 1032 ἔρα
676 979 834 1031 copulat
865 980 969 1019 idem
993 980 1254 1034 Etymologus
1284 993 1321 1020 v.
1345 981 1477 1035 Ἐρᾷν,
1507 993 1543 1033 p.
1564 981 1661 1032 369,

128 1050 192 1090 29.
278 1049 366 1102 Ego
399 1049 592 1103 ἐρωιῇσας
626 1051 726 1103 apud
770 1051 1053 1091 Callimachum
1096 1052 1191 1091 nihil
1230 1064 1321 1091 esse
1361 1052 1465 1092 aliud
1506 1064 1658 1093 censeo

127 1135 242 1174 quam
287 1122 394 1174 quod
440 1128 502 1162 est
543 1123 646 1175 apud
680 1123 851 1164 cundem
897 1130 1055 1176 poetam
1096 1126 1284 1177 η’ρώησε,
1313 1123 1350 1163 h.
1381 1125 1419 1163 in
1448 1125 1535 1164 Del.
1571 1125 1659 1165 133.

125 1190 243 1245 εἷπε,
274 1194 348 1234 καί
376 1194 544 1247 η’ρώησε
573 1197 705 1248 μέγαν
734 1193 859 1250 p‘dov:
899 1197 1092 1238 inhibere.
1152 1198 1226 1237 Pro
1269 1209 1347 1249 quo
1386 1194 1560 1250 ἔστησεν
1586 1197 1663 1237 Al-

129 1277 251 1304 caeus
281 1264 399 1304 mess.
421 1265 526 1306 XIX.
559 1266 700 1314 (Anth.
719 1267 796 1306 Pal.
819 1267 845 1306 I.
870 1279 905 1319 p.
927 1268 1045 1317 4⁴28.)
1064 1269 1100 1307 5.
1134 1266 1226 1322 ῥόον
1247 1271 1282 1309 δ’
1303 1267 1474 1322 ἔστησεν
1496 1265 1663 1309 α’κούων

126 1334 316 1383 Ἀσωπὸς
360 1340 518 1389 γοεριόν
568 1332 670 1390 ἦχον
706 1337 787 1377 α’πὸ
833 1336 1064 1389 στομάτων.
1145 1341 1261 1380 Tauri
1302 1342 1489 1380 irruentis
1531 1353 1660 1381 cornu

126 1407 305 1448 Theseus
336 1410 500 1460 arripuit
529 1414 646 1461 atque
677 1410 868 1460 inhibuit,
898 1411 1098 1464 ictumque
1139 1414 1296 1452 avertit.
1364 1413 1422 1452 Cf.
1460 1413 1662 1453 Theocrit.

127 1480 229 1520 XIII.
259 1480 324 1520 74.
359 1480 481 1520 XXII.
521 1479 609 1520 174.
671 1481 801 1521 Paullo
834 1482 951 1522 aliter
981 1483 1232 1523 Hermannus
1264 1484 1303 1523 in
1337 1483 1494 1526 Scholis
1526 1484 1664 1524 Theo-

127 1553 215 1592 crit.
245 1552 392 1605 Opusc.
424 1552 510 1592 Vol.
533 1553 578 1592 V.
610 1565 647 1605 p.
668 1552 733 1593 94.
766 1555 832 1605 qui
861 1557 899 1594 in
932 1552 1126 1606 ἑρωήσας
1153 1556 1358 1596 notionem
1389 1559 1498 1596 tenet
1526 1556 1663 1608 repel-

126 1624 243 1664 lendi.
303 1625 409 1664 Sane
438 1626 618 1677 proxime
657 1626 761 1665 inter
791 1637 836 1666 se
869 1628 1085 1667 coniuncta
1120 1633 1211 1668 sunt
1242 1627 1423 1668 inhibere
1453 1632 1492 1668 et
1523 1630 1662 1680 repel-

126 1696 222 1736 lere.
294 1696 481 1736 Fortasse
540 1698 716 1737 omnium
764 1699 911 1750 optime
965 1701 1181 1740 conveniet
1227 1700 1466 1752 reprimens.
1543 1701 1662 1754 Apud

126 1770 308 1809 Nonnum
338 1769 516 1810 XXXVI.
556 1770 647 1810 188.
687 1770 754 1810 ubi
786 1770 835 1810 de
867 1771 1069 1811 insiliente
1107 1772 1147 1811 in
1181 1772 1458 1825 elephantem,
1495 1775 1661 1827 eiusque

127 1841 278 1882 cervici
323 1840 560 1881 inhaerente
602 1843 822 1895 panthera:
867 1842 939 1883 καί
980 1840 1136 1895 δρόμον
1180 1841 1346 1900 ᾗώρησε
1389 1844 1663 1899 τανυκνήμων

127 1911 380 1967 ἐλεφάντων,
411 1915 549 1965 quaeri
578 1915 738 1966 poterit,
767 1927 817 1954 an
848 1916 975 1967 aptius
994 1916 1044 1955 sit
1075 1914 1256 1969 ἠριόησε,
1285 1916 1457 1956 inhibuit
1487 1930 1663 1970 cursum,

126 1985 336 2035 repressit.
397 1986 477 2026 Sed
507 1991 640 2026 tamen
676 1983 842 2040 ιὶραὶησε
879 2000 929 2027 an
969 1988 1062 2028 alibi
1095 1990 1146 2028 sit
1185 1989 1289 2042 apud
1317 1990 1524 2041 Nonnum,
1556 2003 1661 2031 nunc

127 2069 208 2096 non
243 2058 418 2108 memini,
451 2063 489 2098 et
519 2056 686 2112 ᾖώρησε
718 2065 797 2100 turn
831 2062 924 2102 alibi
956 2067 1184 2114 usurpatum
1217 2075 1238 2103 a
1272 2064 1416 2105 Nonne
1448 2067 1549 2116 scio,
1580 2071 1659 2107 tum

127 2128 348 2184 ἀνῃώρησε
379 2130 428 2170 ab
459 2131 611 2171 Ioanne
646 2133 806 2174 Gazaeo
839 2147 876 2174 v.
910 2136 1003 2175 570.
1037 2135 1106 2186 (ll.
1139 2136 1256 2182 919.)
1286 2137 1354 2188 ita,
1385 2142 1425 2176 ut
1452 2139 1580 2189 possit
1601 2139 1662 2178 si-

126 2201 272 2241 militer
303 2201 450 2243 dictum
482 2203 536 2243 illi
565 2202 734 2258 ᾗώρησε
766 2206 908 2246 videri.
997 2207 1153 2247 Deinde
1178 2209 1372 2257 Theseus,
1405 2211 1512 2261 quod
1544 2210 1660 2250 Butt-

128 2285 295 2313 mannus
326 2275 477 2328 colligit
513 2287 565 2315 ex
597 2276 732 2316 verbis
771 2278 902 2329 paullo
947 2283 1040 2318 ante
1088 2280 1257 2320 laudatis
1295 2280 1552 2335 Etymologi,
1596 2283 1659 2323 cui

127 2345 368 2399 Etymologo
402 2347 533 2386 locum
568 2347 798 2388 Callimachi
838 2350 965 2401 ipsum
999 2352 1195 2404 integrum
1231 2356 1321 2391 ante
1354 2353 1494 2393 oculos
1535 2354 1660 2394 fuisse

127 2416 391 2469 probabiliter
417 2419 564 2469 statuit,
599 2431 726 2459 cornu
758 2432 898 2460 versus
931 2426 1075 2461 terram
1108 2423 1326 2475 depressit,
1360 2426 1412 2464 ita
1442 2429 1483 2465 ut
1515 2427 1659 2466 obtor-

129 2493 317 2540 queretur
351 2490 496 2530 collum
528 2491 644 2530 tauri.
705 2491 779 2538 Qui
812 2496 873 2531 est
901 2492 1043 2533 modus
1072 2495 1242 2546 optimus
1273 2494 1459 2534 domandi
1491 2500 1656 2537 taurum.

128 2561 366 2600 Theocrilus
395 2561 517 2601 XXV.
555 2559 643 2602 145.
678 2563 754 2601 τοῦ
780 2563 857 2611 μὲν
889 2558 993 2613 ἄναξ
1023 2564 1270 2617 προσιόντος
1312 2566 1516 2617 ἐδράξατο
1542 2570 1662 2622 χειρί

128 2633 280 2687 παχείῃ
364 2635 514 2672 σκαιοῦ
542 2627 662 2687 ἄφαρ
694 2637 857 2687 κέραος,
889 2634 994 2676 κατὰ
1029 2638 1065 2676 δ”
1099 2637 1261 2689 αὐχένα
1293 2639 1409 2688 vs'p-‘J'
1437 2640 1508 2679 ἐπὶ
1539 2641 1659 2694 γαίης

129 2696 287 2744 κλάσᾶε
317 2700 453 2755 βαρύν
492 2720 568 2757 περ
601 2703 734 2755 ἐόντα,
765 2711 841 2747 etc.
902 2708 1070 2754 Quintus
1101 2710 1255 2761 Smyrn.
1279 2710 1341 2750 VI.
1367 2711 1459 2751 937.
1481 2713 1521 2753 8.
1550 2715 1660 2753 ταῦ-

129 2789 201 2825 ρος
231 2800 284 2807 --
319 2769 366 2813 ὃν
396 2773 452 2828 ῥα
480 2774 553 2814 καί
583 2774 712 2815 αὐτὸν
743 2774 1034 2828 α’μαιμάκετόν
1056 2794 1133 2830 περ
1159 2778 1295 2833 ἐόντα,
1371 2781 1555 2834 γνάμητε
1572 2786 1659 2839 βίῃ,

129 2852 347 2901 κρατεροῖο
370 2844 579 2902 κεράατος.
640 2846 776 2901 EpIgr.
794 2847 1135 2894 a’cteonAECXCH.
1167 2853 1305 2902 (Anth.
1327 2854 1401 2895 Pal.
1423 2855 1467 2895 II.
1489 2856 1657 2908 p.656.)
