1856 3126
722 134 1030 172 —191—

385 279 437 284 -—-
469 238 567 291 ὅθεν
595 248 615 290 ὃ
646 249 769 298 τόπος
805 248 979 296 Κωλιάς
1010 245 1178 299 ἐκλήθη.
1205 245 1415 297 μέμνηται
1447 240 1519 282 καί
1538 244 1653 283 Καλ-

387 326 565 375 λίμαχος
595 319 639 362 ἐν
665 319 827 377 Ἑκάλῃ.

118 399 179 439 Ex
206 396 378 439 Scholiis
407 392 690 444 Aristophanis
719 393 759 431 in
790 392 890 432 Nub.
927 392 993 430 59.
1038 389 1110 429 sed
1149 401 1171 427 e
1203 388 1346 428 codice
1389 387 1452 427 his
1501 388 1651 427 nostris

118 470 318 523 pleniore:
351 466 466 504 deest
496 464 601 513 enim
633 465 670 503 in
700 464 848 504 nostris
879 462 1148 503 testiinonium
1181 458 1425 506 Callimachi,
1455 471 1528 511 pro
1576 472 1654 512 quo

118 539 426 593 explicationem
455 535 627 575 nominis
656 535 810 575 tertiam
844 534 1143 574 subministrant
1163 562 1174 582 ,
1206 530 1281 570 illis
1311 530 1511 582 prioribus
1543 536 1654 570 certe

120 626 201 654 non
230 611 496 651 deteriorem:
530 605 568 646 οἱ
600 607 658 659 δὲ,
689 603 816 647 τόπον
857 603 1022 646 ἑοικόια
1062 602 1211 650 κώλοις
1259 601 1438 654 ἀνδρός,
1479 599 1583 642 ἔνθα
1628 604 1651 655 ἢ

120 681 221 730 θεὸς
251 680 442 732 τιμᾶται.
503 678 629 718 Recte
662 678 715 717 ibi
744 690 846 717 unus
878 677 1117 717 scholiastes
1147 678 1185 713 et
1216 674 1434 724 scriptores
1456 675 1522 715 alii
1556 676 1656 715 Κω-

121 753 247 796 λιάδα
272 765 353 794 non
382 752 583 804 templum,
614 751 685 791 sed
718 751 833 790 deam
869 754 1028 798 vocant,
1059 753 1097 787 et
1119 747 1461 799 promontorium:
1486 745 1657 800 Ἀφρο-

121 826 212 877 δίτη
227 821 415 874 Κωλιάς,
449 822 622 868 Κωλιάς
640 816 763 872 ἄκρα,
794 820 906 873 ἠΐων.
931 821 972 861 V.
997 819 1214 860 Pausanias
1243 818 1270 858 Ι.
1299 819 1333 856 1.
1360 822 1460 857 extr.
1495 822 1534 857 et
1555 829 1656 870 quos

121 898 177 938 ibi
197 896 332 937 laudat
353 894 537 944 SiebeliS,
570 898 609 933 et
640 894 688 934 ad
706 893 880 947 Lycoph.
911 892 1006 933 867.
1039 892 1218 940 TzetzeS,
1246 890 1440 930 Potterus.
1483 887 1658 929 Κωλιά-

123 970 195 1016 δος
224 966 427 1023 ῥηγμῖνος
453 968 619 1008 Nonnus
651 965 748 1006 XLI.
784 965 874 1006 108.
906 964 972 1004 ubi
995 968 1112 1003 notas
1140 961 1309 1001 Veneris
1349 961 1470 1001 sedes
1508 972 1659 1000 recen-

122 1045 204 1081 set:
255 1040 308 1080 ου’
354 1038 530 1094 Πάφον,
577 1037 652 1078 οὐκ
695 1037 766 1078 ἐπὶ
803 1034 973 1088 Βύβλον
1020 1035 1271 1087 ἀνέδραμεν,
1305 1028 1354 1072 οὗ
1386 1032 1492 1074 πόδα
1517 1032 1659 1089 χέρσῳ

123 1109 352 1158 Κωλιάδος
402 1109 600 1164 ῥηγμῖνος
659 1107 915 1163 ἐφήρμοσεν.
975 1107 1217 1148 Callimacho
1276 1107 1391 1146 etiam
1444 1106 1505 1145 sic
1551 1105 1661 1145 licuit

124 1184 307 1236 poetice:
352 1180 448 1221 Visa
480 1186 540 1221 est
573 1180 701 1220 Venus
734 1175 922 1233 Κωλιάς,
951 1180 1026 1219 dea
1058 1191 1129 1231 pro
1158 1178 1302 1230 templo
1337 1177 1452 1217 deae.
1494 1177 1554 1216 De
1585 1177 1662 1216 situ

124 1255 412 1309 promontorii:
456 1255 623 1294 Palmer.
654 1254 799 1294 Exere.
829 1253 867 1292 in
908 1253 957 1292 A.
989 1252 1054 1292 Gr.
1098 1264 1134 1304 p.
1181 1251 1275 1291 315.
1319 1250 1361 1289 C.
1416 1249 1463 1288 Ο.
1508 1247 1662 1288 Miiller.

122 1331 162 1369 in
197 1328 384 1380 descript.
416 1327 588 1376 Atticae,
622 1325 843 1377 Encyclop.
875 1324 1017 1364 Ersch.
1050 1328 1088 1363 et
1119 1323 1287 1363 Gruber.
1320 1322 1360 1361 P.
1392 1320 1455 1361 Vl.
1486 1333 1523 1373 p.
1563 1321 1658 1371 222.

124 1399 307 1440 Fabellas
338 1399 522 1451 attigisse
553 1397 849 1448 Callimachum,
878 1407 981 1449 quae
1011 1400 1103 1436 sunt
1133 1395 1236 1448 apud
1268 1394 1443 1445 Suidam,
1473 1393 1569 1434 nihil
1600 1398 1662 1434 est

123 1472 231 1524 quod
258 1469 513 1523 persuadeat.

236 1543 479 1582 Procrusten
511 1552 592 1581 non
626 1540 786 1592 reperio
816 1540 855 1579 in
887 1540 1138 1592 Fragmcniis
1171 1538 1412 1580 Callimachi.
1472 1539 1556 1580 Nisi
1586 1538 1663 1580 huc

123 1611 407 1653 retrahendum
435 1612 487 1651 sit

762 1680 812 1721 ἵν’
845 1679 993 1734 ἐλλερα
1025 1678 1159 1721 πολλὰ
1190 1682 1393 1723 dimum.

125 1757 280 1808 Quippe
310 1757 363 1795 ita
394 1755 668 1795 ratiocineris:
704 1767 819 1806 quum
852 1754 1067 1793 Pausanias
1098 1753 1336 1793 Procrusten
1380 1757 1441 1802 (ut
1486 1754 1607 1807 vulgo
1639 1767 1662 1794 a

128 1830 265 1881 specie
299 1827 481 1868 maleficii
513 1827 573 1867 sui
609 1831 796 1866 vocatur:
830 1825 986 1866 Ruhnk.
1014 1827 1130 1865 Auct.
1159 1826 1243 1865 Em.
1275 1826 1315 1865 in
1348 1826 1441 1866 Hes.
1477 1827 1518 1865 T.
1563 1826 1592 1866 1.
1624 1838 1662 1878 p.

127 1902 222 1942 883.
260 1902 317 1950 1.)
352 1900 513 1952 proprio
545 1900 707 1938 nomine
740 1896 1033 1949 Πολυπήμονα
1064 1898 1254 1950 appellet,
1302 1899 1475 1938 sortasse
1504 1903 1663 1950 poetam

130 1971 194 2011 illa
239 1971 351 2023 quasi
394 1971 630 2011 circuitione
677 1970 928 2021 interpretari
973 1980 1123 2008 nomen
1167 1968 1444 2024 Πολυπήμων
1475 1971 1663 2011 voluisse.

129 2044 376 2097 Quamquam
409 2055 486 2083 nec
505 2043 702 2083 Plutarchi
726 2041 995 2094 Hesychiique
1024 2043 1359 2082 contemnendum
1390 2048 1451 2082 est
1481 2045 1668 2084 testimo-

131 2117 254 2167 nium,
286 2115 426 2167 quibus
445 2115 678 2154 Procrustes
708 2114 871 2166 proprio
904 2114 1067 2153 nomine
1095 2113 1325 2168 Δαμάστης
1359 2115 1478 2155 audit.
1537 2116 1590 2156 At
1620 2116 1669 2156 de

131 2187 396 2240 Polypemone
432 2187 613 2239 quaestio
661 2187 779 2226 etiam
819 2186 936 2226 latius
978 2190 1097 2238 patet.
1155 2186 1252 2226 Nam
1296 2186 1375 2237 alii,
1424 2187 1474 2226 de
1525 2200 1602 2240 quo
1647 2202 1670 2229 a

133 2260 307 2301 Meursio
338 2261 378 2299 in
410 2260 568 2300 Theseo
599 2271 685 2312 cap.
717 2261 755 2300 5.
788 2263 828 2300 et
866 2260 903 2300 7.
951 2260 1169 2299 Meziriaco
1198 2258 1239 2297 in
1273 2257 1389 2298 Ovid.
1429 2258 1593 2300 lleroid.
1629 2261 1669 2301 Τ.

136 2330 164 2370 1.
195 2343 232 2383 p.
269 2331 359 2372 139.
390 2343 450 2384 sq.
480 2332 686 2382 monitum,
715 2330 864 2370 habent
894 2330 1198 2382 Polypemonem
1244 2331 1285 2370 in
1314 2330 1481 2371 historia
1511 2331 1672 2383 Thesei,

137 2402 208 2443 sed
239 2414 320 2442 non
350 2407 392 2443 ut
423 2404 474 2443 sit
499 2404 746 2446 Procrustes.
805 2402 1076 2456 Apollodorus
1107 2403 1173 2443 lib.
1208 2402 1271 2442 111.
1303 2407 1405 2443 extr.
1436 2403 1674 2455 Polypemo-

137 2475 201 2514 nis
230 2475 350 2514 lilium
383 2481 504 2515 vocat
545 2477 670 2521 Sinin.
709 2477 884 2528 itemque
924 2475 1057 2516 Schol.
1100 2475 1235 2526 Eurip.
1275 2475 1432 2528 Hippol.
1474 2475 1567 2515 974.
1609 2476 1673 2516 ed.

137 2547 271 2589 Matth.
305 2547 339 2587 si
369 2559 466 2587 vera
497 2552 557 2588 est
584 2549 661 2588 iam
704 2549 910 2600 proposita
944 2559 966 2588 a
996 2547 1213 2587 Meziriaco
1259 2547 1487 2587 emendatio
1526 2549 1672 2588 Πολυ-

139 2615 349 2671 πήμονοςζ
381 2619 501 2672 vulgo
530 2619 584 2659 ibi
615 2643 665 2650 —
697 2620 812 2666 Σίνις
834 2616 926 2668 υἱὸς
961 2616 1166 2671 Πήμονος
1194 2619 1351 2672 legitur.
1411 2620 1675 2673 Distinguen-

142 2690 233 2731 dum
267 2696 396 2732 autcm
426 2692 506 2731 hoc
535 2689 717 2731 scholion
749 2692 798 2731 ab
828 2703 894 2742 eo,
925 2690 1032 2744 quod
1063 2690 1286 2743 praecedit:
1336 2691 1376 2730 in
1405 2703 1483 2744 quo
1517 2691 1567 2732 de
1599 2704 1675 2745 pa-

141 2766 201 2802 tre
230 2763 382 2804 Sinidis
413 2762 523 2813 nihil,
551 2767 591 2803 at
621 2763 720 2815 ipse,
751 2763 859 2814 quod
889 2767 1066 2803 notatum
1088 2764 1183 2802 viris
1213 2762 1344 2803 doctis
1378 2776 1478 2817 quos
1508 2764 1603 2816 dixi,
1636 2769 1676 2805 et

141 2835 356 2890 Salvagnio
391 2835 441 2876 ad
471 2835 581 2887 Ibin,
607 2834 864 2876 confunditur
906 2848 994 2876 cum
1024 2836 1256 2876 Procruste:
1301 2837 1366 2889 qui
1423 2849 1540 2878 error
1585 2850 1674 2879 cum
